3617 4909
76 636 77 641 ψ
181 462 1455 651 xuuruuuuuuuuuuuuuuuuuuuuu

219 804 224 843 ⁵
330 861 1362 967 ure-muuutotuuuuruuursv.
1457 837 1460 841 ’

291 1362 501 1449 Mrnorralis
537 1360 571 1454 J.
600 1359 649 1437 H.
676 1358 872 1436 Lamberti
909 1362 1084 1437 memoria
1123 1387 1187 1461 per
1221 1360 1343 1436 orbem
1383 1362 1480 1437 litte-

292 1486 405 1538 ratum
445 1460 716 1559 uulgatislima,
744 1461 906 1561 gentibus
932 1466 971 1535 in
999 1480 1155 1543 extrema
1178 1462 1390 1537 Occidentis
1417 1485 1480 1533 ora

222 1563 298 1639 sitis
330 1562 470 1661 pridem
502 1565 707 1636 innotuerat
733 1586 778 1635 ex
803 1560 1020 1638 versionibus
1048 1560 1266 1635 diversorum
1290 1563 1364 1661 ejus
1382 1560 1482 1658 Ope·

223 1686 304 1737 rum
334 1660 497 1735 Gallicis.
536 1658 660 1735 Unum
694 1681 813 1734 tamen
850 1686 974 1735 eorum
1010 1660 1125 1757 magis
1165 1656 1297 1733 illullre
1329 1680 1481 1759 operam

224 1756 356 1835 fefellit
388 1758 674 1858 Bibliopolarum
708 1780 805 1833 textu
821 1757 884 1832 suo
901 1758 1120 1831 Germanico
1150 1756 1323 1853 praemisso
1340 1786 1353 1849 3
1383 1778 1484 1829 nem·

224 1884 300 1957 pe:
330 1857 589 1959 Supplementa
616 1856 842 1931 Tabularum
868 1852 1231 1955 Logarithmicarum
1259 1853 1330 1929 &o
1369 1852 1483 1948 Quod

86 1990 89 1997 ·
210 1982 306 2045 curn
357 1957 532 2053 primariis
566 1954 833 2029 Mathematum
875 1952 1079 2029 Cultoribus
1115 1951 1243 2053 Regiae
1273 1952 1487 2029 Academia

226 2054 463 2128 Seientiarum
511 2051 769 2149 Olisiponensts
801 2052 1065 2144 innotesceret,
1101 2077 1175 2127 non
1207 2050 1482 2142 dubitaverunt,

227 2151 728 2250 Rumpublicamlitteratam
760 2150 826 2227 hac
860 2152 1054 2230 accelsrone
1088 2151 1305 2251 amplificare
1323 2207 1334 2242 ,
1362 2152 1484 2226 dando
1558 2203 1560 2205 ψ

221 2249 322 2331 ¹mihi
355 2252 393 2323 in
424 2250 645 2342 commistis,
688 2275 726 2327 ut
759 2250 956 2327 versionem
998 2252 1071 2327 illis
1117 2250 1333 2351 propositam
1366 2251 1483 2327 conri-

226 2370 375 2425 nuatum
406 2348 483 2424 usui
511 2348 659 2448 publico
690 2370 862 2449 aptarem.
1311 2390 1315 2398 ·

368 2446 490 2539 Quam
525 2449 764 2547 provinciam
790 2448 891 2527 tanto
931 2450 1060 2549 majori
1094 2446 1331 2549 propenfione
1361 2452 1397 2523 in
1428 2473 1485 2523 me

227 2546 366 2645 suscepi
399 2546 446 2619 ob
479 2545 704 2645 personalem
737 2574 821 2649 erga
857 2549 903 2624 cl.
934 2547 1027 2624 hunc
1056 2549 1185 2622 Virum
1213 2546 1484 2640 ,affectionem
1585 2587 1587 2590 ·

230 2648 293 2742 qui
318 2669 375 2717 me
393 2644 574 2743 postremis
594 2649 675 2721 ritoe
699 2645 767 2723 suae
800 2650 901 2722 annis
931 2648 1128 2722 litterarum
1147 2648 1289 2741 ‘suarum
1310 2671 1487 2720 commer-
1606 2643 1609 2649 ’

178 2838 181 2841 ,
229 2744 289 2819 cio
318 2742 537 2834 honoravit;
564 2750 732 2841 quamvis*
754 2764 963 2844 praematura
988 2765 1103 2820 morte
1129 2744 1294 2841 abreptus
1321 2745 1487 2822 laborum

230 2840 305 2939 ejus
333 2839 484 2917 consilio
519 2842 756 2943 susceptorum
786 2844 1013 2944 triumphum
1034 2845 1156 2920 videre
1189 2870 1261 2936 non
1293 2849 1464 2942 potuerit.

370 2940 509 3016 Interea
542 2942 748 3017 consecutus
782 2968 859 3018 eam
889 2963 1082 3020 conatuum
1107 2944 1271 3032 meorum
1301 2944 1488 3043 palmam,

230 3063 312 3137 quac
342 3041 379 3113 in
408 3038 475 3113 fine
499 3038 611 3113 Tum.
639 3040 686 3116 V.
711 3040 924 3118 Commercii
948 3042 1139 3117 litterarii
1161 3040 1397 3117 Lambertini
1424 3067 1491 3144 pu·

225 3136 367 3224 blicam
400 3140 527 3215 memit
550 3138 690 3231 lucem,
717 3166 787 3215 non
823 3142 939 3217 destiti
968 3142 1137 3243 prosequi
1177 3142 1340 3243 quaedam
1371 3143 1491 3243 objec-

231 3250 268 3308 ta
303 3236 398 3309 illius
443 3241 538 3312 votis
579 3243 736 3338 expetita
767 3264 808 3315 ac
851 3240 1010 3317 consiliis
1050 3245 1361 3336 accommodata3
1410 3269 1491 3342 quae

231 3332 383 3435 proinde
417 3332 506 3408 mihi
534 3337 593 3432 jus
631 3339 813 3436 quoddam
849 3343 1056 3436 primarium
1092 3342 1313 3430 vindicant,
1353 3346 1388 3413 in
1425 3343 1491 3414 ali·

232 3454 320 3525 quas
356 3428 458 3527 hujus
487 3432 621 3530 Operis
639 3453 757 3531 partes
792 3439 1002 3529 mutandas,
1027 3439 1297 3537 amplificandas
1322 3461 1381 3514 aut
1411 3436 1500 3518 sub·'

230 3525 448 3605 stituessdasoi
477 3562 479 3567 '
1111 3626 1116 3633 ι
1438 3541 1442 3545 Α

240 3674 244 3681 v
328 3632 448 3743 ,Quo
482 3649 600 3705 tamen
630 3631 713 3710 loco
746 3632 908 3710 habenda
941 3635 1108 3735 fintjura
1133 3656 1178 3712 'ac
1211 3638 1374 3730 merita,
1411 3640 1491 3738 qui·
1608 3701 1610 3704 .

231 3722 294 3799 bus
327 3752 364 3803 in
396 3752 538 3803 arenam
571 3733 679 3808 tantis
709 3732 888 3810 Heroibus
922 3734 1123 3812 illustratam
1153 3738 1347 3830 descendi,
1372 3737 1492 3814 brevis

232 3821 393 3915 laborum
435 3837 598 3904 nieorum
642 3832 862 3931 perlustratio
896 3857 992 3910 extra
1027 3834 1172 3911 dubium
1203 3863 1339 3934 ponere
1374 3837 1500 3913 deber.v

232 3918 323 3999 Non
364 3945 527 4023 repetam.
550 3928 638 4019 hie,
675 3956 753 4032 quae
783 3930 885 4008 ditio
915 3934 999 4010 loco
1028 3936 1077 4008 de
1112 3939 1253 4031 ratione
1293 3937 1493 4013 studiorum

233 4040 397 4095 meorum
428 4026 763 4105 mathematicorum
797 4030 1007 4109 referuntur.
1040 4034 1101 4107 Ne
1126 4054 1244 4110 tamen
1270 4061 1373 4110 coeco
1405 4062 1496 4137 quo·

238 4117 319 4197 daln
337 4124 487 4222 *impetu
522 4123 697 4203 affedlaffe
732 4129 855 4206 videar
881 4134 963 4232 jura
995 4132 1039 4207 ab
1069 4126 1158 4210 aliis·
1182 4132 1354 4231 quaesrta,
1380 4135 1498 4211 breri-

229 4236 286 4301 ter.
314 4219 502 4319 referam,
533 4226 757 4327 queuntis
790 4229 848 4310 liis
881 4233 951 4314 viis
990 4232 1177 4314 consecuta
1212 4225 1292 4314 sunt
1308 4288 1320 4329 ‚
1347 4256 1506 4311 comen-¹

484 4349 486 4354 ·
591 4386 592 4389 ,
889 4361 893 4365 ·
1348 4347 1349 4350 ’
1412 4352 1467 4406 tut
