<?xml version="1.0" encoding="UTF-8"?>
<!DOCTYPE html PUBLIC "-//W3C//DTD XHTML 1.0 Transitional//EN"
    "http://www.w3.org/TR/xhtml1/DTD/xhtml1-transitional.dtd">
<html xmlns="http://www.w3.org/1999/xhtml" xml:lang="en" lang="en">
 <head>
  <title>
</title>
<meta http-equiv="Content-Type" content="text/html;charset=utf-8" />
  <meta name='ocr-system' content='tesseract 3.04.00' />
  <meta name='ocr-capabilities' content='ocr_page ocr_carea ocr_par ocr_line ocrx_word'/>
</head>
<body>
  <div class='ocr_page' id='page_1' title='image "./supplementatabu00lambgoog_0012.png"; bbox 0 0 3617 4909; ppageno 0'>
   <div class='ocr_carea' id='block_1_1' title="bbox 549 357 1526 480">
    <p class='ocr_par' dir='ltr' id='par_1_1' title="bbox 549 357 1526 480">
     <span class='ocr_line' id='line_1_1' title="bbox 549 357 1526 480; baseline 0.01 -9"><span class='ocrx_word' id='word_1_1' title='bbox 549 402 1092 479; x_wconf 9' lang='lat' dir='ltr'>*INTE-nr’na-wm</span> <span class='ocrx_word' id='word_1_2' title='bbox 1376 405 1432 480; x_wconf 64' lang='lat' dir='ltr'>m</span> <span class='ocrx_word' id='word_1_3' title='bbox 1524 357 1526 361; x_wconf 34' lang='lat'>⁵</span> 
     </span>
    </p>
   </div>
   <div class='ocr_carea' id='block_1_2' title="bbox 78 516 1587 4463">
    <p class='ocr_par' dir='ltr' id='par_1_2' title="bbox 78 516 1587 4463">
     <span class='ocr_line' id='line_1_2' title="bbox 190 516 1462 626; baseline -0.007 -18"><span class='ocrx_word' id='word_1_4' title='bbox 190 546 304 621; x_wconf 78' lang='lat' dir='ltr'>cent,</span> <span class='ocrx_word' id='word_1_5' title='bbox 332 518 488 626; x_wconf 79' lang='lat' dir='ltr'>opptessi</span> <span class='ocrx_word' id='word_1_6' title='bbox 516 538 639 599; x_wconf 86' lang='lat' dir='ltr'>omnes</span> <span class='ocrx_word' id='word_1_7' title='bbox 658 578 670 616; x_wconf 86' lang='lat'><strong>,</strong></span> <span class='ocrx_word' id='word_1_8' title='bbox 689 521 855 599; x_wconf 74' lang='lat' dir='ltr'>absolutis</span> <span class='ocrx_word' id='word_1_9' title='bbox 885 545 956 597; x_wconf 88' lang='lat' dir='ltr'>nna</span> <span class='ocrx_word' id='word_1_10' title='bbox 989 544 1094 598; x_wconf 90' lang='lat' dir='ltr'>manu</span> <span class='ocrx_word' id='word_1_11' title='bbox 1118 516 1250 596; x_wconf 85' lang='lat' dir='ltr'>duabus</span> <span class='ocrx_word' id='word_1_12' title='bbox 1280 522 1462 624; x_wconf 69' lang='lat' dir='ltr'>millioni·=</span> 
     </span>
     <span class='ocr_line' id='line_1_3' title="bbox 196 620 1569 726; baseline -0.007 -20"><span class='ocrx_word' id='word_1_13' title='bbox 196 632 264 717; x_wconf 79' lang='lat' dir='ltr'>bus</span> <span class='ocrx_word' id='word_1_14' title='bbox 299 625 417 726; x_wconf 85' lang='lat' dir='ltr'>spatio</span> <span class='ocrx_word' id='word_1_15' title='bbox 465 624 508 701; x_wconf 79' lang='lat'>16</span> <span class='ocrx_word' id='word_1_16' title='bbox 544 623 743 714; x_wconf 80' lang='lat' dir='ltr'>mensium,</span> <span class='ocrx_word' id='word_1_17' title='bbox 781 620 1025 722; x_wconf 76' lang='lat' dir='ltr'>expositisque</span> <span class='ocrx_word' id='word_1_18' title='bbox 1057 643 1186 719; x_wconf 88' lang='lat' dir='ltr'>praeter</span> <span class='ocrx_word' id='word_1_19' title='bbox 1224 620 1455 698; x_wconf 87' lang='lat' dir='ltr'>consuetudi·</span> <span class='ocrx_word' id='word_1_20' title='bbox 1567 681 1569 686; x_wconf 87' lang='lat'>.</span> 
     </span>
     <span class='ocr_line' id='line_1_4' title="bbox 197 716 1541 821; baseline -0.005 -18"><span class='ocrx_word' id='word_1_21' title='bbox 197 752 280 803; x_wconf 87' lang='lat' dir='ltr'>nem</span> <span class='ocrx_word' id='word_1_22' title='bbox 320 726 473 800; x_wconf 90' lang='lat' dir='ltr'>aliorum</span> <span class='ocrx_word' id='word_1_23' title='bbox 502 722 665 797; x_wconf 86' lang='lat' dir='ltr'>omnibus</span> <span class='ocrx_word' id='word_1_24' title='bbox 701 721 858 821; x_wconf 85' lang='lat' dir='ltr'>cujusvis</span> <span class='ocrx_word' id='word_1_25' title='bbox 896 722 1032 795; x_wconf 89' lang='lat' dir='ltr'>numeri</span> <span class='ocrx_word' id='word_1_26' title='bbox 1058 716 1294 810; x_wconf 74' lang='lat' dir='ltr'>Fastoribus3</span> <span class='ocrx_word' id='word_1_27' title='bbox 1322 720 1457 797; x_wconf 85' lang='lat' dir='ltr'>submi·</span> <span class='ocrx_word' id='word_1_28' title='bbox 1539 727 1541 731; x_wconf 81' lang='grc'><strong>’</strong></span> 
     </span>
     <span class='ocr_line' id='line_1_5' title="bbox 191 818 1456 996; baseline -0.006 -96"><span class='ocrx_word' id='word_1_29' title='bbox 191 825 366 901; x_wconf 83' lang='lat' dir='ltr'>nistrante</span> <span class='ocrx_word' id='word_1_30' title='bbox 391 848 460 996; x_wconf 81' lang='lat' dir='ltr'>pro</span> <span class='ocrx_word' id='word_1_31' title='bbox 488 820 688 923; x_wconf 84' lang='lat' dir='ltr'>typo,sme</span> <span class='ocrx_word' id='word_1_32' title='bbox 713 844 811 897; x_wconf 88' lang='lat' dir='ltr'>mora</span> <span class='ocrx_word' id='word_1_33' title='bbox 840 821 988 919; x_wconf 90' lang='lat' dir='ltr'>incepto</span> <span class='ocrx_word' id='word_1_34' title='bbox 1015 819 1216 921; x_wconf 86' lang='lat' dir='ltr'>impensas,</span> <span class='ocrx_word' id='word_1_35' title='bbox 1235 818 1456 920; x_wconf 81' lang='lat' dir='ltr'>Imperatore</span> 
     </span>
     <span class='ocr_line' id='line_1_6' title="bbox 199 923 439 999; baseline -0.017 0"><span class='ocrx_word' id='word_1_36' title='bbox 199 923 283 999; x_wconf 36' lang='lat' dir='ltr'>vole</span> <span class='ocrx_word' id='word_1_37' title='bbox 311 924 360 997; x_wconf 89' lang='lat' dir='ltr'>ho</span> <span class='ocrx_word' id='word_1_38' title='bbox 410 925 439 998; x_wconf 91' lang='lat'>1.</span> 
     </span>
     <span class='ocr_line' id='line_1_7' title="bbox 198 926 1454 1120; baseline -0.008 -20"><span class='ocrx_word' id='word_1_39' title='bbox 198 926 221 1019; x_wconf 71' lang='lat' dir='ltr'>J</span> <span class='ocrx_word' id='word_1_40' title='bbox 287 948 309 1024; x_wconf 73' lang='lat' dir='ltr'>p</span> <span class='ocrx_word' id='word_1_41' title='bbox 341 1019 500 1099; x_wconf 63' lang='lat' dir='ltr'>Effectus</span> <span class='ocrx_word' id='word_1_42' title='bbox 532 1018 632 1120; x_wconf 86' lang='lat' dir='ltr'>supra</span> <span class='ocrx_word' id='word_1_43' title='bbox 672 1018 835 1093; x_wconf 90' lang='lat' dir='ltr'>omnium</span> <span class='ocrx_word' id='word_1_44' title='bbox 873 1016 979 1093; x_wconf 87' lang='lat' dir='ltr'>fidem</span> <span class='ocrx_word' id='word_1_45' title='bbox 1014 1014 1113 1107; x_wconf 86' lang='lat' dir='ltr'>fuit,</span> <span class='ocrx_word' id='word_1_46' title='bbox 1139 1016 1299 1117; x_wconf 85' lang='lat' dir='ltr'>doloque</span> <span class='ocrx_word' id='word_1_47' title='bbox 1339 1036 1454 1092; x_wconf 85' lang='lat' dir='ltr'>extra·</span> 
     </span>
     <span class='ocr_line' id='line_1_8' title="bbox 195 1116 1458 1217; baseline -0.006 -18"><span class='ocrx_word' id='word_1_48' title='bbox 195 1144 348 1199; x_wconf 89' lang='lat' dir='ltr'>neotum</span> <span class='ocrx_word' id='word_1_49' title='bbox 390 1140 515 1197; x_wconf 82' lang='lat' dir='ltr'>centro</span> <span class='ocrx_word' id='word_1_50' title='bbox 560 1118 770 1193; x_wconf 87' lang='lat' dir='ltr'>eruditionis</span> <span class='ocrx_word' id='word_1_51' title='bbox 801 1118 1010 1217; x_wconf 91' lang='lat' dir='ltr'>propiorum</span> <span class='ocrx_word' id='word_1_52' title='bbox 1045 1116 1258 1214; x_wconf 82' lang='lat' dir='ltr'>praevalenre</span> <span class='ocrx_word' id='word_1_53' title='bbox 1292 1116 1458 1191; x_wconf 76' lang='lat' dir='ltr'>desisten-</span> 
     </span>
     <span class='ocr_line' id='line_1_9' title="bbox 170 1214 1460 1319; baseline -0.005 -23"><span class='ocrx_word' id='word_1_54' title='bbox 170 1220 290 1296; x_wconf 76' lang='lat' dir='ltr'>·.dum</span> <span class='ocrx_word' id='word_1_55' title='bbox 318 1246 337 1295; x_wconf 92' lang='lat' dir='ltr'>a</span> <span class='ocrx_word' id='word_1_56' title='bbox 365 1237 455 1319; x_wconf 83' lang='lat' dir='ltr'>typo</span> <span class='ocrx_word' id='word_1_57' title='bbox 488 1218 534 1293; x_wconf 89' lang='lat' dir='ltr'>ad</span> <span class='ocrx_word' id='word_1_58' title='bbox 566 1216 713 1315; x_wconf 87' lang='lat'>408000</span> <span class='ocrx_word' id='word_1_59' title='bbox 758 1215 971 1317; x_wconf 83' lang='lat' dir='ltr'>progrello‚</span> <span class='ocrx_word' id='word_1_60' title='bbox 1013 1216 1211 1290; x_wconf 79' lang='lat' dir='ltr'>reconditis</span> <span class='ocrx_word' id='word_1_61' title='bbox 1237 1214 1389 1292; x_wconf 85' lang='lat' dir='ltr'>Tabulis</span> <span class='ocrx_word' id='word_1_62' title='bbox 1420 1219 1460 1292; x_wconf 90' lang='lat' dir='ltr'>in</span> 
     </span>
     <span class='ocr_line' id='line_1_10' title="bbox 201 1318 1526 1417; baseline -0.005 -20"><span class='ocrx_word' id='word_1_63' title='bbox 201 1320 328 1399; x_wconf 71' lang='lat' dir='ltr'>aerario</span> <span class='ocrx_word' id='word_1_64' title='bbox 357 1318 548 1417; x_wconf 85' lang='lat' dir='ltr'>Principis.</span> <span class='ocrx_word' id='word_1_65' title='bbox 1005 1365 1008 1370; x_wconf 58' lang='lat'>&lt;</span> <span class='ocrx_word' id='word_1_66' title='bbox 1121 1373 1126 1379; x_wconf 78' lang='lat'><em>.</em></span> <span class='ocrx_word' id='word_1_67' title='bbox 1321 1370 1324 1374; x_wconf 27' lang='lat' dir='ltr'><strong><em>J</em></strong></span> <span class='ocrx_word' id='word_1_68' title='bbox 1524 1330 1526 1333; x_wconf 77' lang='grc'>’</span> 
     </span>
     <span class='ocr_line' id='line_1_11' title="bbox 340 1411 1461 1516; baseline -0.001 -24"><span class='ocrx_word' id='word_1_69' title='bbox 340 1418 500 1516; x_wconf 86' lang='lat' dir='ltr'>Cognita</span> <span class='ocrx_word' id='word_1_70' title='bbox 531 1414 675 1492; x_wconf 88' lang='lat' dir='ltr'>tandem</span> <span class='ocrx_word' id='word_1_71' title='bbox 706 1411 871 1490; x_wconf 83' lang='lat' dir='ltr'>methodi</span> <span class='ocrx_word' id='word_1_72' title='bbox 897 1439 987 1490; x_wconf 88' lang='lat' dir='ltr'>meae</span> <span class='ocrx_word' id='word_1_73' title='bbox 1014 1414 1209 1507; x_wconf 85' lang='lat' dir='ltr'>praestantia</span> <span class='ocrx_word' id='word_1_74' title='bbox 1231 1439 1328 1488; x_wconf 89' lang='lat' dir='ltr'>anno</span> <span class='ocrx_word' id='word_1_75' title='bbox 1366 1415 1461 1513; x_wconf 84' lang='lat'>1784</span> 
     </span>
     <span class='ocr_line' id='line_1_12' title="bbox 201 1512 1459 1614; baseline -0.007 -18"><span class='ocrx_word' id='word_1_76' title='bbox 201 1546 223 1596; x_wconf 83' lang='lat' dir='ltr'>a</span> <span class='ocrx_word' id='word_1_77' title='bbox 256 1515 402 1595; x_wconf 80' lang='lat' dir='ltr'>diverfis</span> <span class='ocrx_word' id='word_1_78' title='bbox 430 1516 658 1592; x_wconf 85' lang='lat' dir='ltr'>Academicis</span> <span class='ocrx_word' id='word_1_79' title='bbox 690 1518 865 1607; x_wconf 82' lang='lat' dir='ltr'>extraneis</span> <span class='ocrx_word' id='word_1_80' title='bbox 901 1516 1101 1614; x_wconf 77' lang='lat' dir='ltr'>praeprimis</span> <span class='ocrx_word' id='word_1_81' title='bbox 1140 1512 1459 1608; x_wconf 75' lang='lat' dir='ltr'>Beralinenstbus,</span> 
     </span>
     <span class='ocr_line' id='line_1_13' title="bbox 201 1611 1457 1714; baseline -0.006 -21"><span class='ocrx_word' id='word_1_82' title='bbox 201 1616 564 1714; x_wconf 83' lang='lat' dir='ltr'>concurrentibusque</span> <span class='ocrx_word' id='word_1_83' title='bbox 600 1618 637 1689; x_wconf 91' lang='lat' dir='ltr'>in</span> <span class='ocrx_word' id='word_1_84' title='bbox 672 1635 810 1713; x_wconf 89' lang='lat' dir='ltr'>partem</span> <span class='ocrx_word' id='word_1_85' title='bbox 842 1614 977 1710; x_wconf 87' lang='lat' dir='ltr'>Operis</span> <span class='ocrx_word' id='word_1_86' title='bbox 1013 1611 1199 1688; x_wconf 87' lang='lat' dir='ltr'>reformari</span> <span class='ocrx_word' id='word_1_87' title='bbox 1241 1615 1457 1709; x_wconf 72' lang='lat' dir='ltr'>(nominer</span> 
     </span>
     <span class='ocr_line' id='line_1_14' title="bbox 203 1711 1458 1809; baseline -0.005 -15"><span class='ocrx_word' id='word_1_88' title='bbox 203 1716 353 1794; x_wconf 70' lang='lat' dir='ltr'>Tabala</span> <span class='ocrx_word' id='word_1_89' title='bbox 369 1713 559 1789; x_wconf 65' lang='lat' dir='ltr'>Fabiorum</span> <span class='ocrx_word' id='word_1_90' title='bbox 582 1712 873 1808; x_wconf 80' lang='lat' dir='ltr'>redivivae)nec</span> <span class='ocrx_word' id='word_1_91' title='bbox 897 1734 1043 1808; x_wconf 89' lang='lat' dir='ltr'>recepto</span> <span class='ocrx_word' id='word_1_92' title='bbox 1068 1711 1383 1809; x_wconf 81' lang='lat' dir='ltr'>prirnuOriginali</span> <span class='ocrx_word' id='word_1_93' title='bbox 1411 1713 1458 1788; x_wconf 91' lang='lat' dir='ltr'>ad</span> 
     </span>
     <span class='ocr_line' id='line_1_15' title="bbox 201 1809 1459 1907; baseline -0.009 -16"><span class='ocrx_word' id='word_1_94' title='bbox 201 1814 298 1891; x_wconf 83' lang='lat' dir='ltr'>bunc</span> <span class='ocrx_word' id='word_1_95' title='bbox 326 1816 432 1889; x_wconf 86' lang='lat' dir='ltr'>finem</span> <span class='ocrx_word' id='word_1_96' title='bbox 458 1813 675 1903; x_wconf 87' lang='lat' dir='ltr'>necellario,</span> <span class='ocrx_word' id='word_1_97' title='bbox 702 1821 798 1887; x_wconf 87' lang='lat' dir='ltr'>anno</span> <span class='ocrx_word' id='word_1_98' title='bbox 831 1809 927 1905; x_wconf 84' lang='lat'>1785-</span> <span class='ocrx_word' id='word_1_99' title='bbox 965 1811 1173 1907; x_wconf 86' lang='lat' dir='ltr'>computavi</span> <span class='ocrx_word' id='word_1_100' title='bbox 1209 1835 1276 1907; x_wconf 90' lang='lat' dir='ltr'>pro</span> <span class='ocrx_word' id='word_1_101' title='bbox 1308 1812 1459 1886; x_wconf 86' lang='lat' dir='ltr'>secunda</span> 
     </span>
     <span class='ocr_line' id='line_1_16' title="bbox 202 1905 1459 2011; baseline -0.005 -21"><span class='ocrx_word' id='word_1_102' title='bbox 202 1918 312 2006; x_wconf 82' lang='lat' dir='ltr'>vice,</span> <span class='ocrx_word' id='word_1_103' title='bbox 342 1914 458 2011; x_wconf 87' lang='lat' dir='ltr'>spatio</span> <span class='ocrx_word' id='word_1_104' title='bbox 495 1914 668 2009; x_wconf 89' lang='lat' dir='ltr'>temporis</span> <span class='ocrx_word' id='word_1_105' title='bbox 702 1907 899 2007; x_wconf 85' lang='lat' dir='ltr'>angustiore</span> <span class='ocrx_word' id='word_1_106' title='bbox 931 1905 1094 1982; x_wconf 83' lang='lat' dir='ltr'>Tabulas</span> <span class='ocrx_word' id='word_1_107' title='bbox 1120 1905 1312 1982; x_wconf 63' lang='lat' dir='ltr'>libiorum</span> <span class='ocrx_word' id='word_1_108' title='bbox 1347 1916 1459 2006; x_wconf 70' lang='lat' dir='ltr'>ulque</span> 
     </span>
     <span class='ocr_line' id='line_1_17' title="bbox 204 2005 1459 2111; baseline -0.005 -23"><span class='ocrx_word' id='word_1_109' title='bbox 204 2013 252 2088; x_wconf 82' lang='lat' dir='ltr'>ad</span> <span class='ocrx_word' id='word_1_110' title='bbox 278 2012 477 2111; x_wconf 87' lang='lat' dir='ltr'>septuplum</span> <span class='ocrx_word' id='word_1_111' title='bbox 508 2008 749 2105; x_wconf 85' lang='lat' dir='ltr'>imprellarum</span> <span class='ocrx_word' id='word_1_112' title='bbox 775 2062 786 2098; x_wconf 89' lang='lat'>,</span> <span class='ocrx_word' id='word_1_113' title='bbox 816 2005 873 2081; x_wconf 86' lang='lat' dir='ltr'>seu</span> <span class='ocrx_word' id='word_1_114' title='bbox 906 2009 952 2081; x_wconf 90' lang='lat' dir='ltr'>ad</span> <span class='ocrx_word' id='word_1_115' title='bbox 984 2005 1136 2081; x_wconf 89' lang='lat' dir='ltr'>limitem</span> <span class='ocrx_word' id='word_1_116' title='bbox 1172 2007 1381 2103; x_wconf 79' lang='lat'>2,856.000.</span> <span class='ocrx_word' id='word_1_117' title='bbox 1408 2009 1459 2085; x_wconf 91' lang='lat' dir='ltr'>Et</span> 
     </span>
     <span class='ocr_line' id='line_1_18' title="bbox 204 2106 1459 2208; baseline -0.002 -22"><span class='ocrx_word' id='word_1_118' title='bbox 204 2113 276 2186; x_wconf 84' lang='lat' dir='ltr'>lroc</span> <span class='ocrx_word' id='word_1_119' title='bbox 302 2112 433 2183; x_wconf 88' lang='lat' dir='ltr'>intuitu</span> <span class='ocrx_word' id='word_1_120' title='bbox 468 2125 602 2182; x_wconf 83' lang='lat' dir='ltr'>certum</span> <span class='ocrx_word' id='word_1_121' title='bbox 633 2106 705 2200; x_wconf 84' lang='lat' dir='ltr'>est,</span> <span class='ocrx_word' id='word_1_122' title='bbox 730 2132 788 2186; x_wconf 92' lang='lat' dir='ltr'>me</span> <span class='ocrx_word' id='word_1_123' title='bbox 820 2130 934 2207; x_wconf 87' lang='lat' dir='ltr'>prope</span> <span class='ocrx_word' id='word_1_124' title='bbox 974 2127 996 2202; x_wconf 86' lang='lat'><em>5</em></span> <span class='ocrx_word' id='word_1_125' title='bbox 1022 2106 1240 2182; x_wconf 90' lang='lat' dir='ltr'>Millionum</span> <span class='ocrx_word' id='word_1_126' title='bbox 1272 2128 1459 2208; x_wconf 87' lang='lat' dir='ltr'>computa-</span> 
     </span>
     <span class='ocr_line' id='line_1_19' title="bbox 204 2206 708 2298; baseline -0.014 -10"><span class='ocrx_word' id='word_1_127' title='bbox 204 2233 324 2287; x_wconf 88' lang='lat' dir='ltr'>tarum</span> <span class='ocrx_word' id='word_1_128' title='bbox 343 2206 526 2281; x_wconf 69' lang='lat' dir='ltr'>austorem</span> <span class='ocrx_word' id='word_1_129' title='bbox 550 2207 708 2298; x_wconf 80' lang='lat' dir='ltr'>extitille.</span> 
     </span>
     <span class='ocr_line' id='line_1_20' title="bbox 344 2304 1461 2405; baseline -0.001 -23"><span class='ocrx_word' id='word_1_130' title='bbox 344 2306 477 2382; x_wconf 87' lang='lat' dir='ltr'>Verum</span> <span class='ocrx_word' id='word_1_131' title='bbox 509 2330 680 2403; x_wconf 87' lang='lat' dir='ltr'>quantum</span> <span class='ocrx_word' id='word_1_132' title='bbox 723 2329 792 2403; x_wconf 88' lang='lat' dir='ltr'>ego</span> <span class='ocrx_word' id='word_1_133' title='bbox 826 2304 908 2381; x_wconf 77' lang='lat' dir='ltr'>sensi</span> <span class='ocrx_word' id='word_1_134' title='bbox 942 2330 1049 2405; x_wconf 89' lang='lat' dir='ltr'>opem</span> <span class='ocrx_word' id='word_1_135' title='bbox 1086 2304 1305 2397; x_wconf 82' lang='lat' dir='ltr'>Tabularum</span> <span class='ocrx_word' id='word_1_136' title='bbox 1337 2306 1383 2380; x_wconf 90' lang='lat' dir='ltr'>ad</span> <span class='ocrx_word' id='word_1_137' title='bbox 1416 2307 1461 2382; x_wconf 61' lang='lat' dir='ltr'>lie</span> 
     </span>
     <span class='ocr_line' id='line_1_21' title="bbox 204 2404 1462 2505; baseline -0.004 -22"><span class='ocrx_word' id='word_1_138' title='bbox 204 2408 311 2483; x_wconf 87' lang='lat' dir='ltr'>mites</span> <span class='ocrx_word' id='word_1_139' title='bbox 348 2426 420 2481; x_wconf 86' lang='lat' dir='ltr'>tam</span> <span class='ocrx_word' id='word_1_140' title='bbox 456 2405 948 2505; x_wconf 78' lang='lat' dir='ltr'>remotosprogredienrium</span> <span class='ocrx_word' id='word_1_141' title='bbox 964 2459 978 2495; x_wconf 85' lang='lat'>‚</span> <span class='ocrx_word' id='word_1_142' title='bbox 1006 2426 1141 2480; x_wconf 88' lang='lat' dir='ltr'>tantum</span> <span class='ocrx_word' id='word_1_143' title='bbox 1166 2415 1306 2481; x_wconf 80' lang='lat' dir='ltr'>territus</span> <span class='ocrx_word' id='word_1_144' title='bbox 1339 2404 1391 2480; x_wconf 89' lang='lat' dir='ltr'>fui</span> <span class='ocrx_word' id='word_1_145' title='bbox 1418 2406 1462 2478; x_wconf 84' lang='lat' dir='ltr'>ab</span> 
     </span>
     <span class='ocr_line' id='line_1_22' title="bbox 78 2502 1462 2603; baseline 0 -20"><span class='ocrx_word' id='word_1_146' title='bbox 78 2502 88 2555; x_wconf 59' lang='lat'>&#39;¹</span> <span class='ocrx_word' id='word_1_147' title='bbox 205 2505 449 2583; x_wconf 87' lang='lat' dir='ltr'>incommodis</span> <span class='ocrx_word' id='word_1_148' title='bbox 480 2504 569 2580; x_wconf 89' lang='lat' dir='ltr'>tanti</span> <span class='ocrx_word' id='word_1_149' title='bbox 606 2505 825 2593; x_wconf 83' lang='lat' dir='ltr'>voluminis,</span> <span class='ocrx_word' id='word_1_150' title='bbox 852 2523 888 2578; x_wconf 91' lang='lat' dir='ltr'>et</span> <span class='ocrx_word' id='word_1_151' title='bbox 917 2529 937 2577; x_wconf 93' lang='lat' dir='ltr'>a</span> <span class='ocrx_word' id='word_1_152' title='bbox 965 2502 1144 2577; x_wconf 83' lang='lat' dir='ltr'>manifesta</span> <span class='ocrx_word' id='word_1_153' title='bbox 1182 2503 1462 2603; x_wconf 82' lang='lat' dir='ltr'>impoffibilirato</span> 
     </span>
     <span class='ocr_line' id='line_1_23' title="bbox 207 2599 1464 2705; baseline 0 -26"><span class='ocrx_word' id='word_1_154' title='bbox 207 2606 277 2679; x_wconf 84' lang='lat' dir='ltr'>lroc</span> <span class='ocrx_word' id='word_1_155' title='bbox 304 2605 401 2705; x_wconf 87' lang='lat' dir='ltr'>typis</span> <span class='ocrx_word' id='word_1_156' title='bbox 426 2604 608 2702; x_wconf 85' lang='lat' dir='ltr'>vulgandi.</span> <span class='ocrx_word' id='word_1_157' title='bbox 638 2606 758 2701; x_wconf 81' lang='lat' dir='ltr'>Quare</span> <span class='ocrx_word' id='word_1_158' title='bbox 777 2602 997 2702; x_wconf 76' lang='lat' dir='ltr'>propositum</span> <span class='ocrx_word' id='word_1_159' title='bbox 1030 2604 1189 2699; x_wconf 83' lang='lat' dir='ltr'>integras</span> <span class='ocrx_word' id='word_1_160' title='bbox 1220 2599 1344 2679; x_wconf 79' lang='lat' dir='ltr'>decem</span> <span class='ocrx_word' id='word_1_161' title='bbox 1370 2604 1464 2679; x_wconf 61' lang='lat' dir='ltr'>Mil*</span> 
     </span>
     <span class='ocr_line' id='line_1_24' title="bbox 207 2699 1462 2801; baseline -0.006 -20"><span class='ocrx_word' id='word_1_162' title='bbox 207 2706 323 2781; x_wconf 88' lang='lat' dir='ltr'>liones</span> <span class='ocrx_word' id='word_1_163' title='bbox 362 2703 511 2778; x_wconf 86' lang='lat' dir='ltr'>finiendi</span> <span class='ocrx_word' id='word_1_164' title='bbox 539 2704 677 2801; x_wconf 87' lang='lat' dir='ltr'>semper</span> <span class='ocrx_word' id='word_1_165' title='bbox 711 2702 861 2776; x_wconf 91' lang='lat' dir='ltr'>dilatum</span> <span class='ocrx_word' id='word_1_166' title='bbox 902 2699 1039 2776; x_wconf 82' lang='lat' dir='ltr'>manfir.</span> <span class='ocrx_word' id='word_1_167' title='bbox 1078 2700 1252 2800; x_wconf 78' lang='lat' dir='ltr'>Depofito</span> <span class='ocrx_word' id='word_1_168' title='bbox 1286 2704 1462 2793; x_wconf 85' lang='lat' dir='ltr'>interim,</span> 
     </span>
     <span class='ocr_line' id='line_1_25' title="bbox 207 2799 1483 2901; baseline 0 -24"><span class='ocrx_word' id='word_1_169' title='bbox 207 2828 303 2877; x_wconf 84' lang='lat' dir='ltr'>auno</span> <span class='ocrx_word' id='word_1_170' title='bbox 343 2823 432 2897; x_wconf 85' lang='lat'>1791</span> <span class='ocrx_word' id='word_1_171' title='bbox 476 2822 622 2875; x_wconf 83' lang='lat' dir='ltr'>vocatus</span> <span class='ocrx_word' id='word_1_172' title='bbox 661 2822 695 2876; x_wconf 91' lang='lat' dir='ltr'>et</span> <span class='ocrx_word' id='word_1_173' title='bbox 718 2800 836 2875; x_wconf 86' lang='lat' dir='ltr'>abiens</span> <span class='ocrx_word' id='word_1_174' title='bbox 868 2799 1128 2899; x_wconf 86' lang='lat' dir='ltr'>Olilipuncm,</span> <span class='ocrx_word' id='word_1_175' title='bbox 1169 2821 1270 2876; x_wconf 90' lang='lat' dir='ltr'>tanto</span> <span class='ocrx_word' id='word_1_176' title='bbox 1313 2804 1483 2901; x_wconf 85' lang='lat' dir='ltr'>pignore&#39;</span> 
     </span>
     <span class='ocr_line' id='line_1_26' title="bbox 84 2900 1465 3003; baseline -0.001 -28"><span class='ocrx_word' id='word_1_177' title='bbox 84 2998 85 3001; x_wconf 8' lang='grc' dir='ltr'><strong>Ἴ</strong></span> <span class='ocrx_word' id='word_1_178' title='bbox 207 2904 247 2975; x_wconf 91' lang='lat' dir='ltr'>in</span> <span class='ocrx_word' id='word_1_179' title='bbox 282 2900 441 2974; x_wconf 89' lang='lat' dir='ltr'>manibus</span> <span class='ocrx_word' id='word_1_180' title='bbox 468 2900 811 2975; x_wconf 88' lang='lat' dir='ltr'>Mathematicorum</span> <span class='ocrx_word' id='word_1_181' title='bbox 826 2900 1047 2999; x_wconf 79' lang='lat' dir='ltr'>Progenlium</span> <span class='ocrx_word' id='word_1_182' title='bbox 1066 2921 1197 2991; x_wconf 86' lang='lat' dir='ltr'>,tanto</span> <span class='ocrx_word' id='word_1_183' title='bbox 1226 2905 1344 3003; x_wconf 83' lang='lat' dir='ltr'>magis</span> <span class='ocrx_word' id='word_1_184' title='bbox 1369 2925 1465 3001; x_wconf 83' lang='lat' dir='ltr'>aegre</span> 
     </span>
     <span class='ocr_line' id='line_1_27' title="bbox 208 2997 1461 3101; baseline -0.003 -26"><span class='ocrx_word' id='word_1_185' title='bbox 208 3000 277 3076; x_wconf 86' lang='lat' dir='ltr'>ruli</span> <span class='ocrx_word' id='word_1_186' title='bbox 303 2997 481 3101; x_wconf 62' lang='lat' dir='ltr'>jadaram</span> <span class='ocrx_word' id='word_1_187' title='bbox 511 3000 713 3097; x_wconf 82' lang='lat' dir='ltr'>vigiliarum</span> <span class='ocrx_word' id='word_1_188' title='bbox 743 2999 990 3075; x_wconf 87' lang='lat' dir='ltr'>secundarum.</span> <span class='ocrx_word' id='word_1_189' title='bbox 1457 3037 1461 3062; x_wconf 82' lang='lat'>:</span> 
     </span>
     <span class='ocr_line' id='line_1_28' title="bbox 351 3098 1466 3190; baseline 0.002 -17"><span class='ocrx_word' id='word_1_190' title='bbox 351 3098 533 3173; x_wconf 85' lang='lat' dir='ltr'>Senseram</span> <span class='ocrx_word' id='word_1_191' title='bbox 571 3098 641 3175; x_wconf 89' lang='lat' dir='ltr'>boc</span> <span class='ocrx_word' id='word_1_192' title='bbox 671 3100 943 3174; x_wconf 88' lang='lat' dir='ltr'>incommodum</span> <span class='ocrx_word' id='word_1_193' title='bbox 982 3100 1051 3190; x_wconf 77' lang='lat' dir='ltr'>iam</span> <span class='ocrx_word' id='word_1_194' title='bbox 1083 3119 1166 3175; x_wconf 83' lang='lat' dir='ltr'>ante</span> <span class='ocrx_word' id='word_1_195' title='bbox 1196 3098 1350 3175; x_wconf 82' lang='lat' dir='ltr'>secunda</span> <span class='ocrx_word' id='word_1_196' title='bbox 1386 3124 1466 3175; x_wconf 88' lang='lat' dir='ltr'>mo·</span> 
     </span>
     <span class='ocr_line' id='line_1_29' title="bbox 209 3196 1465 3297; baseline -0.002 -22"><span class='ocrx_word' id='word_1_197' title='bbox 209 3197 333 3287; x_wconf 75' lang='lat' dir='ltr'>limina</span> <span class='ocrx_word' id='word_1_198' title='bbox 352 3225 363 3286; x_wconf 67' lang='grc' dir='ltr'><strong>ς</strong></span> <span class='ocrx_word' id='word_1_199' title='bbox 385 3222 499 3297; x_wconf 74' lang='lat' dir='ltr'>,quare</span> <span class='ocrx_word' id='word_1_200' title='bbox 530 3200 630 3273; x_wconf 91' lang='lat' dir='ltr'>omni</span> <span class='ocrx_word' id='word_1_201' title='bbox 659 3202 893 3273; x_wconf 87' lang='lat' dir='ltr'>contentione</span> <span class='ocrx_word' id='word_1_202' title='bbox 929 3196 1139 3276; x_wconf 86' lang='lat' dir='ltr'>adlaboravi</span> <span class='ocrx_word' id='word_1_203' title='bbox 1164 3251 1181 3288; x_wconf 84' lang='lat'>,</span> <span class='ocrx_word' id='word_1_204' title='bbox 1202 3222 1244 3273; x_wconf 88' lang='lat' dir='ltr'>ut</span> <span class='ocrx_word' id='word_1_205' title='bbox 1273 3199 1465 3275; x_wconf 87' lang='lat' dir='ltr'>conderem</span> 
     </span>
     <span class='ocr_line' id='line_1_30' title="bbox 209 3296 1465 3398; baseline -0.002 -26"><span class='ocrx_word' id='word_1_206' title='bbox 209 3321 301 3393; x_wconf 90' lang='lat' dir='ltr'>opus</span> <span class='ocrx_word' id='word_1_207' title='bbox 329 3298 510 3395; x_wconf 88' lang='lat' dir='ltr'>quoddam</span> <span class='ocrx_word' id='word_1_208' title='bbox 544 3298 747 3395; x_wconf 86' lang='lat' dir='ltr'>portatile,</span> <span class='ocrx_word' id='word_1_209' title='bbox 773 3299 872 3396; x_wconf 86' lang='lat' dir='ltr'>cujus</span> <span class='ocrx_word' id='word_1_210' title='bbox 898 3324 969 3396; x_wconf 90' lang='lat' dir='ltr'>ope</span> <span class='ocrx_word' id='word_1_211' title='bbox 1004 3300 1157 3373; x_wconf 89' lang='lat' dir='ltr'>minimo</span> <span class='ocrx_word' id='word_1_212' title='bbox 1191 3301 1377 3398; x_wconf 85' lang='lat' dir='ltr'>temporis.</span> <span class='ocrx_word' id='word_1_213' title='bbox 1393 3296 1465 3371; x_wconf 81' lang='lat' dir='ltr'>dil·</span> 
     </span>
     <span class='ocr_line' id='line_1_31' title="bbox 208 3393 1467 3493; baseline 0.002 -26"><span class='ocrx_word' id='word_1_214' title='bbox 208 3394 349 3492; x_wconf 87' lang='lat' dir='ltr'>pendio</span> <span class='ocrx_word' id='word_1_215' title='bbox 379 3394 500 3468; x_wconf 85' lang='lat' dir='ltr'>evolvi</span> <span class='ocrx_word' id='word_1_216' title='bbox 535 3393 668 3491; x_wconf 87' lang='lat' dir='ltr'>pollent</span> <span class='ocrx_word' id='word_1_217' title='bbox 698 3395 884 3469; x_wconf 86' lang='lat' dir='ltr'>Divisores</span> <span class='ocrx_word' id='word_1_218' title='bbox 917 3421 1144 3471; x_wconf 87' lang='lat' dir='ltr'>numerorum</span> <span class='ocrx_word' id='word_1_219' title='bbox 1176 3422 1250 3470; x_wconf 88' lang='lat' dir='ltr'>non</span> <span class='ocrx_word' id='word_1_220' title='bbox 1281 3395 1467 3493; x_wconf 78' lang='lat' dir='ltr'>imprell&#39;o·</span> 
     </span>
     <span class='ocr_line' id='line_1_32' title="bbox 208 3490 1466 3592; baseline 0.001 -26"><span class='ocrx_word' id='word_1_221' title='bbox 208 3516 302 3567; x_wconf 84' lang='lat' dir='ltr'>rum.</span> <span class='ocrx_word' id='word_1_222' title='bbox 331 3490 463 3566; x_wconf 84' lang='lat' dir='ltr'>Verum</span> <span class='ocrx_word' id='word_1_223' title='bbox 504 3490 652 3567; x_wconf 78' lang='lat' dir='ltr'>diversis</span> <span class='ocrx_word' id='word_1_224' title='bbox 691 3492 941 3569; x_wconf 86' lang='lat' dir='ltr'>tentaminibus</span> <span class='ocrx_word' id='word_1_225' title='bbox 963 3494 1039 3592; x_wconf 91' lang='lat' dir='ltr'>jam</span> <span class='ocrx_word' id='word_1_226' title='bbox 1070 3495 1107 3567; x_wconf 91' lang='lat' dir='ltr'>in</span> <span class='ocrx_word' id='word_1_227' title='bbox 1135 3495 1265 3570; x_wconf 86' lang='lat' dir='ltr'>molem</span> <span class='ocrx_word' id='word_1_228' title='bbox 1288 3552 1299 3586; x_wconf 83' lang='lat'>‚</span> <span class='ocrx_word' id='word_1_229' title='bbox 1321 3495 1399 3592; x_wconf 83' lang='lat' dir='ltr'>jam</span> <span class='ocrx_word' id='word_1_230' title='bbox 1428 3494 1466 3567; x_wconf 88' lang='lat' dir='ltr'>in</span> 
     </span>
     <span class='ocr_line' id='line_1_33' title="bbox 91 3589 1468 3705; baseline 0.001 -40"><span class='ocrx_word' id='word_1_231' title='bbox 91 3590 94 3667; x_wconf 76' lang='lat'>1</span> <span class='ocrx_word' id='word_1_232' title='bbox 209 3614 357 3687; x_wconf 83' lang='lat' dir='ltr'>operam</span> <span class='ocrx_word' id='word_1_233' title='bbox 375 3591 683 3691; x_wconf 80' lang='lat' dir='ltr'>‘divergenribus‚</span> <span class='ocrx_word' id='word_1_234' title='bbox 713 3592 850 3705; x_wconf 79' lang='lat' dir='ltr'>praetnli</span> <span class='ocrx_word' id='word_1_235' title='bbox 891 3591 1235 3687; x_wconf 74' lang='lat' dir='ltr'>onusTnbularum</span> <span class='ocrx_word' id='word_1_236' title='bbox 1267 3589 1468 3692; x_wconf 72' lang='lat' dir='ltr'>completa-v</span> 
     </span>
     <span class='ocr_line' id='line_1_34' title="bbox 93 3688 1467 3790; baseline 0.004 -29"><span class='ocrx_word' id='word_1_237' title='bbox 93 3740 96 3757; x_wconf 89' lang='lat'>.</span> <span class='ocrx_word' id='word_1_238' title='bbox 211 3712 302 3762; x_wconf 83' lang='lat' dir='ltr'>rum.</span> <span class='ocrx_word' id='word_1_239' title='bbox 326 3688 491 3787; x_wconf 84' lang='lat' dir='ltr'>Urgente</span> <span class='ocrx_word' id='word_1_240' title='bbox 521 3715 608 3767; x_wconf 83' lang='lat' dir='ltr'>vero</span> <span class='ocrx_word' id='word_1_241' title='bbox 632 3691 709 3790; x_wconf 88' lang='lat' dir='ltr'>jam</span> <span class='ocrx_word' id='word_1_242' title='bbox 734 3690 835 3765; x_wconf 85' lang='lat' dir='ltr'>tertia</span> <span class='ocrx_word' id='word_1_243' title='bbox 867 3694 947 3767; x_wconf 84' lang='lat' dir='ltr'>vice</span> <span class='ocrx_word' id='word_1_244' title='bbox 978 3693 1363 3785; x_wconf 81' lang='lat' dir='ltr'>necrliirate‚&#39;nodum</span> <span class='ocrx_word' id='word_1_245' title='bbox 1390 3716 1467 3768; x_wconf 74' lang='lat' dir='ltr'>ram</span> 
     </span>
     <span class='ocr_line' id='line_1_35' title="bbox 115 3785 1466 3891; baseline 0.007 -33"><span class='ocrx_word' id='word_1_246' title='bbox 115 3862 118 3868; x_wconf 71' lang='grc'><strong>,</strong></span> <span class='ocrx_word' id='word_1_247' title='bbox 211 3785 295 3859; x_wconf 81' lang='lat' dir='ltr'>dem</span> <span class='ocrx_word' id='word_1_248' title='bbox 323 3786 476 3863; x_wconf 88' lang='lat' dir='ltr'>feliciter</span> <span class='ocrx_word' id='word_1_249' title='bbox 501 3790 674 3867; x_wconf 82' lang='lat' dir='ltr'>extricari</span> <span class='ocrx_word' id='word_1_250' title='bbox 707 3788 806 3865; x_wconf 84' lang='lat' dir='ltr'>feriis</span> <span class='ocrx_word' id='word_1_251' title='bbox 843 3794 1105 3868; x_wconf 86' lang='lat' dir='ltr'>autumnalibus</span> <span class='ocrx_word' id='word_1_252' title='bbox 1133 3816 1227 3867; x_wconf 87' lang='lat' dir='ltr'>anno</span> <span class='ocrx_word' id='word_1_253' title='bbox 1260 3814 1391 3891; x_wconf 82' lang='lat'>1793,</span> <span class='ocrx_word' id='word_1_254' title='bbox 1429 3813 1466 3869; x_wconf 87' lang='lat' dir='ltr'>et</span> 
     </span>
     <span class='ocr_line' id='line_1_36' title="bbox 95 3881 1587 3989; baseline 0.007 -31"><span class='ocrx_word' id='word_1_255' title='bbox 95 3902 97 3987; x_wconf 59' lang='grc' dir='ltr'><strong>ζ</strong></span> <span class='ocrx_word' id='word_1_256' title='bbox 211 3881 386 3959; x_wconf 83' lang='lat' dir='ltr'>menfibus</span> <span class='ocrx_word' id='word_1_257' title='bbox 412 3885 947 3988; x_wconf 73' lang='lat' dir='ltr'>subsequentibus„conllruliis</span> <span class='ocrx_word' id='word_1_258' title='bbox 976 3916 1030 3989; x_wconf 80' lang='lat'>¹5·</span> <span class='ocrx_word' id='word_1_259' title='bbox 1047 3890 1177 3967; x_wconf 76' lang='lat' dir='ltr'>basibus</span> <span class='ocrx_word' id='word_1_260' title='bbox 1204 3895 1240 3967; x_wconf 92' lang='lat' dir='ltr'>in</span> <span class='ocrx_word' id='word_1_261' title='bbox 1265 3912 1320 3966; x_wconf 89' lang='lat' dir='ltr'>tor</span> <span class='ocrx_word' id='word_1_262' title='bbox 1344 3888 1469 3984; x_wconf 85' lang='lat' dir='ltr'>foliis,</span> <span class='ocrx_word' id='word_1_263' title='bbox 1583 3979 1587 3985; x_wconf 22' lang='lat'><strong>¹</strong></span> 
     </span>
     <span class='ocr_line' id='line_1_37' title="bbox 96 3986 1553 4080; baseline 0.008 -25"><span class='ocrx_word' id='word_1_264' title='bbox 96 3990 98 4005; x_wconf 85' lang='lat'><em>&#39;</em></span> <span class='ocrx_word' id='word_1_265' title='bbox 268 4005 366 4057; x_wconf 87' lang='lat' dir='ltr'>arum</span> <span class='ocrx_word' id='word_1_266' title='bbox 399 4010 468 4080; x_wconf 87' lang='lat' dir='ltr'>ope</span> <span class='ocrx_word' id='word_1_267' title='bbox 508 3988 721 4064; x_wconf 80' lang='lat' dir='ltr'>evolvuntur</span> <span class='ocrx_word' id='word_1_268' title='bbox 750 3986 919 4066; x_wconf 70' lang='lat' dir='ltr'>Fastores</span> <span class='ocrx_word' id='word_1_269' title='bbox 951 3994 1132 4067; x_wconf 84' lang='lat' dir='ltr'>omnium</span> <span class='ocrx_word' id='word_1_270' title='bbox 1154 4006 1381 4065; x_wconf 81' lang='lat' dir='ltr'>numerorum</span> <span class='ocrx_word' id='word_1_271' title='bbox 1410 3992 1467 4066; x_wconf 81' lang='lat' dir='ltr'>in-</span> <span class='ocrx_word' id='word_1_272' title='bbox 1551 4024 1553 4030; x_wconf 95' lang='lat'>·</span> 
     </span>
     <span class='ocr_line' id='line_1_38' title="bbox 97 4080 1498 4179; baseline 0.006 -23"><span class='ocrx_word' id='word_1_273' title='bbox 97 4126 99 4143; x_wconf 89' lang='lat'><em>·</em></span> <span class='ocrx_word' id='word_1_274' title='bbox 232 4106 269 4156; x_wconf 89' lang='lat' dir='ltr'>ra</span> <span class='ocrx_word' id='word_1_275' title='bbox 301 4104 351 4178; x_wconf 90' lang='lat'>24</span> <span class='ocrx_word' id='word_1_276' title='bbox 383 4080 619 4179; x_wconf 68' lang='lat' dir='ltr'>Milliones&#39;,</span> <span class='ocrx_word' id='word_1_277' title='bbox 653 4084 863 4165; x_wconf 72' lang='lat' dir='ltr'>Fauorinus</span> <span class='ocrx_word' id='word_1_278' title='bbox 887 4110 1027 4166; x_wconf 80' lang='lat' dir='ltr'>-ramen</span> <span class='ocrx_word' id='word_1_279' title='bbox 1065 4092 1224 4167; x_wconf 88' lang='lat' dir='ltr'>minimis</span> <span class='ocrx_word' id='word_1_280' title='bbox 1259 4113 1333 4164; x_wconf 92' lang='lat' dir='ltr'>non</span> <span class='ocrx_word' id='word_1_281' title='bbox 1365 4115 1498 4165; x_wconf 56' lang='lat' dir='ltr'>exuesv</span> 
     </span>
     <span class='ocr_line' id='line_1_39' title="bbox 98 4180 1520 4280; baseline 0.001 -21"><span class='ocrx_word' id='word_1_282' title='bbox 98 4208 100 4231; x_wconf 69' lang='lat'>¹</span> <span class='ocrx_word' id='word_1_283' title='bbox 214 4180 380 4259; x_wconf 85' lang='lat' dir='ltr'>dentibus</span> <span class='ocrx_word' id='word_1_284' title='bbox 418 4206 502 4280; x_wconf 83' lang='lat' dir='ltr'>4oo</span> <span class='ocrx_word' id='word_1_285' title='bbox 753 4238 783 4251; x_wconf 84' lang='lat'>·.</span> <span class='ocrx_word' id='word_1_286' title='bbox 1368 4213 1370 4216; x_wconf 93' lang='lat'>·</span> <span class='ocrx_word' id='word_1_287' title='bbox 1518 4242 1520 4246; x_wconf 83' lang='grc'><strong>-</strong></span> 
     </span>
     <span class='ocr_line' id='line_1_40' title="bbox 99 4279 1473 4385; baseline 0.003 -28"><span class='ocrx_word' id='word_1_288' title='bbox 99 4292 102 4383; x_wconf 51' lang='lat'>¹4</span> <span class='ocrx_word' id='word_1_289' title='bbox 210 4331 214 4340; x_wconf 90' lang='lat'>·</span> <span class='ocrx_word' id='word_1_290' title='bbox 303 4336 305 4343; x_wconf 23' lang='grc' dir='ltr'><em>ν</em></span> <span class='ocrx_word' id='word_1_291' title='bbox 351 4280 486 4361; x_wconf 76' lang='lat' dir='ltr'>Verum</span> <span class='ocrx_word' id='word_1_292' title='bbox 509 4279 603 4379; x_wconf 73' lang='lat' dir='ltr'>haud</span> <span class='ocrx_word' id='word_1_293' title='bbox 626 4284 767 4385; x_wconf 86' lang='lat' dir='ltr'>pridem</span> <span class='ocrx_word' id='word_1_294' title='bbox 789 4287 890 4369; x_wconf 82' lang='lat' dir='ltr'>finivi</span> <span class='ocrx_word' id='word_1_295' title='bbox 906 4287 1118 4369; x_wconf 76' lang='lat' dir='ltr'>methodum</span> <span class='ocrx_word' id='word_1_296' title='bbox 1138 4287 1363 4368; x_wconf 79' lang='lat' dir='ltr'>extendendi</span> <span class='ocrx_word' id='word_1_297' title='bbox 1383 4286 1473 4362; x_wconf 72' lang='lat' dir='ltr'>Far-</span> 
     </span>
     <span class='ocr_line' id='line_1_41' title="bbox 232 4400 1447 4463; baseline -0.003 2"><span class='ocrx_word' id='word_1_298' title='bbox 232 4400 239 4445; x_wconf 71' lang='grc' dir='ltr'>ἱ</span> <span class='ocrx_word' id='word_1_299' title='bbox 1349 4406 1447 4463; x_wconf 83' lang='lat' dir='ltr'>tores</span> 
     </span>
    </p>
   </div>
   <div class='ocr_carea' id='block_1_3' title="bbox 0 0 1834 4909">
    <p class='ocr_par' dir='ltr' id='par_1_3' title="bbox 0 0 1834 4909">
     <span class='ocr_line' id='line_1_42' title="bbox 0 0 1834 4909; baseline 0 0"><span class='ocrx_word' id='word_1_300' title='bbox 0 0 1834 4909; x_wconf 95' lang='lat' dir='ltr'> </span> 
     </span>
    </p>
   </div>
  </div>
 </body>
</html>
