3617 4909
577 410 1112 506 quenalem.
1445 434 1485 483 uc

183 598 186 607 .
234 526 314 607 fine
338 529 439 605 oanni
468 525 674 607 confusione
696 528 898 623 deducendi
923 530 1088 628 quamtis
1109 525 1236 604 seriem
1256 522 1316 628 seu
1336 528 1498 622 eomple-
1560 595 1565 605 .

239 648 312 707 tam
339 626 410 705 five
429 628 684 728 incompletam
699 631 870 731 cujusque
886 628 977 705 alios
995 630 1132 703 numeri
1149 628 1186 701 in
1206 623 1353 726 systema
1367 625 1503 699 vocati..

239 726 362 822 Quare
388 728 538 823 Series,
560 726 615 803 seu
643 726 816 822 Prriqdos
836 725 1073 827 Sfflematum
1104 723 1324 826 compellare
1353 724 1498 823 placuit.

379 826 467 921 Quo
494 827 531 903 in
556 830 705 927 negotio
731 831 855 931 nequis
877 828 953 929 jam
977 852 1087 924 porro
1112 849 1259 924 operam
1289 822 1426 923 perdat,
1444 820 1508 896 as·'

240 924 376 1025 signata
407 952 443 1003 et
461 947 667 1027 computata
684 929 763 1005 sunt
781 954 847 1026 pto
877 926 1042 1003 omnibus
1070 928 1224 1001 numeris
1258 923 1382 1025 primis
1408 920 1500 995 ultra

247 1025 548 1124 tooo'Systemata
566 1027 860 1121 Denominatoris
879 1028 1022 1120 minimi
1038 1026 1257 1124 completam
1275 1020 1397 1097 seriem
1416 1044 1502 1120 pro·
1544 1083 1549 1091 .

240 1124 434 1213 ducentia,
461 1124 627 1224 aquibus
647 1130 771 1203 omnia
788 1126 925 1225 reliqua
961 1126 1177 1227 dependent.
1204 1120 1324 1199 Simili
1360 1118 1503 1221 prorsus

239 1224 377 1297 ratione
400 1222 556 1318 decisum
582 1225 628 1297 est
646 1225 689 1300 de
709 1224 851 1323 legi-bus
868 1226 1045 1301 Serierum
1076 1247 1301 1299 numeromm
1323 1216 1501 1319 compost·

238 1339 359 1401 toturn
375 1348 416 1397 ac
439 1324 680 1423 potentiarum
700 1323 891 1422 plurimum
922 1324 1068 1421 diversis
1088 1323 1137 1400 ab
1155 1321 1225 1400 illis
1241 1315 1254 1413 ,
1271 1342 1305 1397 et
1322 1318 1416 1397 inter
1434 1314 1495 1391 st.
1523 1359 1525 1362 ·

380 1420 522 1497 Horum
554 1420 820 1524 speciminum,
847 1423 976 1521 praeter
1007 1421 1133 1513 dista,
1160 1422 1224 1502 vix
1252 1422 1371 1519 aliqua
1397 1414 1496 1515 frag-

238 1538 375 1613 menta,
395 1522 430 1595 in
466 1523 620 1599 aliorum
654 1548 777 1619 manus
814 1524 1032 1599 devenerunt
1055 1578 1066 1613 ,
1093 1548 1157 1598 nee
1184 1522 1289 1620 jam,
1316 1541 1355 1593 ut
1387 1514 1496 1591 disso-

238 1618 311 1706 luta
337 1643 478 1698 ,catenae
511 1623 705 1716 membra,
749 1620 893 1697 defertu
935 1620 1166 1699 subsidiorum
1212 1616 1506 1716 subsequentium,
1571 1635 1574 1640 ‘

200 1744 203 1747 ·
239 1716 386 1813 majoris
420 1722 687 1815 emolumenti,
715 1718 962 1821 inpraesentia
997 1722 1100 1823 lmjos
1135 1722 1257 1817 operis
1300 1716 1500 1814 quidquam
1569 1747 1571 1753 ·

175 1872 177 1879 .
240 1818 357 1893 ualere
393 1820 548 1921 pulsuum
581 1820 702 1913 Quare
745 1820 872 1919 sponte
916 1821 974 1895 sua
1022 1822 1068 1891 ad
1109 1816 1319 1917 praesentem
1352 1812 1494 1889 fontem

240 1915 462 2015 confluunt,
499 1923 613 1995 lucem
650 1918 711 1995 libi
746 1938 869 1993 mutuo
898 1916 1113 2018 spargentia.
1244 1920 1248 1926 ’

368 2020 425 2091 Ac
461 2019 616 2115 proinde
662 2014 864 2117 fragmenta
909 2041 1012 2091 antea
1054 2016 1202 2092 multum
1244 2010 1499 2103 voluminosa,

242 2138 335 2189 nunc
365 2140 452 2191 vero
477 2116 523 2191 ad
556 2114 712 2193 formam
741 2112 1086 2214 compendiosiorem
1116 2111 1261 2189 sedecia
1281 2168 1292 2205 ,
1310 2130 1408 2187 tanta
1437 2136 1501 2211 ap-

241 2214 457 2311 probatione
483 2236 630 2313 accepta
655 2210 834 2290 informa
859 2214 917 2292 sua
942 2216 1111 2315 primaria
1130 2269 1140 2304 ,
1159 2212 1388 2289 Probatorum
1418 2208 1501 2287 suo·
1568 2228 1572 2236 '

240 2336 317 2403 rum
354 2316 458 2405 fidem
490 2337 753 2390 coronaverunt
790 2315 1053 2415 consequentiis
1097 2312 1236 2413 semper
1276 2311 1498 2413 majoribus,

240 2436 389 2511 quarum
420 2408 525 2489 series
562 2413 764 2500 inexhausta
797 2414 949 2490 videtur.
986 2412 1097 2515 Cujus
1129 2414 1181 2488 rei
1215 2409 1348 2495 illullae
1380 2432 1526 2485 exem»

240 2513 344 2608 plum
377 2510 451 2603 est,
478 2515 577 2610 quod
603 2516 773 2612 sequitur.
837 2594 841 2601 ,
1178 2600 1181 2604 ,
1308 2580 1313 2589 .
1447 2510 1469 2566 ’-

240 2674 248 2684 .
372 2610 581 2701 ,uranium
609 2611 662 2685 his
688 2612 862 2690 laboribus
891 2654 902 2703 ·,
930 2631 965 2687 et
992 2612 1135 2714 legibus
1161 2609 1328 2687 ferierunt
1355 2607 1499 2711 univer·

211 2716 215 2763 ἶ
240 2706 367 2784 salibus
396 2730 466 2785 tarn
493 2706 650 2807 feliciter
676 2711 861 2803 definitis,
888 2708 1079 2785 facillimus
1106 2735 1146 2785 ac
1185 2710 1415 2787 lucidissimus
1444 2732 1500 2805 re·

238 2810 373 2983 pressus
399 2807 678 2884 ad'Fradliones
710 2808 799 2913 fuit..
826 2808 874 2887 Et
905 2810 998 2911 quia
1023 2804 1296 2911 frequentissimi
1330 2806 1408 2883 lunt
1439 2831 1498 2884 ca·

257 2932 326 2999 us,
354 2908 411 2981 ubi
442 2912 668 3007 requiruntur
702 2911 899 2987 celerrimae
931 2906 1184 3001 redusliones‘,
1208 2909 1509 3007 comparationes·

240 3028 277 3081 et
311 3008 570 3104 applicationes
604 3008 871 3110 qualescunque
893 2999 1109 3086 frastionum
1127 3104 1130 3109 Ι
1150 3029 1224 3084 tum
1258 3008 1499 3098 naturalium,
1524 3082 1534 3093 ,

225 3112 315 3197 {tum
340 3108 578 3183 artificialium
605 3162 615 3199 ,
644 3132 944 3208 numerorumque
979 3110 1138 3183 rationes
1169 3111 1262 3183 inter
1290 3109 1325 3181 se
1355 3134 1367 3199 3
1393 3130 1495 3184 cotn-

238 3223 371 3301 putatae
409 3206 487 3292 sunt
517 3205 668 3283 Tabulae
692 3204 933 3285 Frastionutn
965 3206 1178 3285 naturalium
1216 3208 1379 3283 omnium
1401 3260 1412 3296 ,
1438 3202 1496 3281 rel

235 3303 339 3400 ,quod
370 3306 464 3401 idem
499 3304 574 3421 est³
600 3330 818 3405 exponentes
854 3308 1033 3381 rationum
1073 3304 1307 3406 quorumque
1332 3327 1498 3381 numero·
1601 3338 1605 3345 ·

240 3424 316 3473 runt
353 3401 504 3474 duorum
536 3403 729 3499 primorum
770 3406 861 3479 inter
905 3405 938 3480 se
975 3409 1064 3481 intra
1101 3409 1301 3488 limitest
1341 3424 1377 3478 et
1407 3403 1509 3497 5233,-

241 3498 299 3573 vel
331 3497 507 3593 sumatis
542 3504 631 3573 intra
665 3527 739 3577 200
775 3523 810 3575 et
845 3528 892 3592 1,
930 3507 966 3576 in
1004 3503 1128 3577 decern
1176 3505 1282 3582 notis.
1307 3500 1496 3576 decimali·
1534 3502 1539 3513 “
1589 3494 1599 3512 ’

233 3595 301 3671 bus
325 3652 337 3687 ,
365 3618 400 3671 et
431 3598 605 3697 congestae
638 3600 670 3673 in
706 3600 876 3691 ordines,
903 3604 1129 3677 continentes
1170 3613 1299 3695 12205'
1325 3602 1413 3679 tales
1439 3624 1500 3676 ca-

232 3694 294 3769 sus
337 3720 517 3799 tamquam
539 3724 682 3797 ,omnes
717 3700 896 3801 polstbiles
930 3756 939 3794 ,
968 3716 1048 3775 cunt
1079 3700 1312 3776 instrut‘lione
1342 3726 1383 3777 ae
1419 3695 1496 3774 sub·

114 3878 117 3887 .
241 3789 338 3867 soliis
364 3798 407 3869 de
439 3797 499 3872 usu
526 3823 645 3871 earum
675 3798 1059 3894 aepommotlatissimo.
1088 3800 1198 3899 Cujus
1228 3804 1278 3877 rei
1312 3796 1497 3901 specimen

232 3894 418 3983 noluimus
457 3898 618 3995 detinere
647 3898 911 3996 appetentibus.
1395 3924 1400 3932 ·
1459 3935 1470 3963 .-

75 3957 94 4065 l'·
232 4056 257 4081 .,
377 3990 442 4067 Ne
461 3996 589 4071 'tamen
606 3996 686 4097 lanc
714 3994 974 4101 accrementum
1000 4004 1161 4103 gravaret
1187 4001 1325 4098 primos
1355 4015 1498 4097 emptq-

120 4132 124 4139 ·
239 4114 296 4172 res
314 4127 335 4180 ,·
352 4098 510 4169 contenti
539 4092 671 4171 fuimus
702 4123 782 4173 cutn
808 4098 932 4197 quarta
957 4120 1056 4195 parte
1082 4097 1177 4175 insta
1213 4122 1228 4174 1
1259 4118 1294 4171 et
1324 4097 1407 4191 ᾖς,
1433 4122 1499 4171 no·

242 4192 341 4264 mine
375 4190 619 4290 Supplemrnti
641 4192 798 4291 secundi
829 4194 879 4273 aad
905 4196 1070 4278 Tabulas
1099 4195 1420 4286 mathematicas:
1459 4214 1499 4271 ut

226 4288 602 4463 ‚plpribusfollenclit
622 4294 813 4403 Instruslio
844 4298 1066 4407 particularis
1098 4300 1233 4377 deusti
1268 4295 1372 4399 hujus
1403 4292 1500 4467 xsup·
1599 4334 1606 4345 ·

252 4410 436 4487 pemenn.
996 4421 1037 4472 a
1196 4480 1199 4487 Ι
1441 4416 1478 4467 e·
