3617 4909
592 402 1132 473 rnnaaannrtn
1260 383 1263 387 ’
1431 420 1471 468 x·

240 514 453 594 versionibus
488 518 794 619 perspicacissimis
816 521 937 620 operis
961 518 1005 593 ad
1029 519 1136 594 finem
1165 513 1265 593 suum
1297 509 1494 588 conformi·

238 635 348 691 tatem
406 641 648 693 romoverunr.
1386 669 1387 683 ι

379 644 522 793 ΒΓοῐυιη
538 716 622 809 ‚ltoc
649 719 781 819 Opus,
808 717 867 793 nili
897 717 972 819 ejus
998 714 1224 792 continuatio
1264 734 1337 789 tarn
1372 709 1493 787 -facilie

240 838 347 913 quam
375 816 571 893 infallibilis
599 822 692 893 voris
724 818 915 921 majoribus
940 818 1286 917 responderir‚cum
1315 812 1389 911 ipsa
1418 836 1522 885 aut-¹

240 916 378 1030 pliandi
414 918 586 995 methodo
634 918 742 993 tribus
784 916 993 1017 Alphabetis
1035 918 1072 990 in
1106 913 1198 1005 folio
1233 909 1493 1013 comprehendi

241 1036 388 1109 potertt.

383 1114 522 1213 Qtibus
556 1120 604 1191 ira
636 1114 861 1207 constitutis,
880 1114 1059 1215 speramus
1088 1111 1230 1188 aViris
1264 1106 1496 1211 potentibus,

240 1208 354 1285 lucem
396 1212 683 1289 mathematicam
718 1214 786 1289 sem
815 1242 853 1290 er
886 1217 1058 1315 majorem
1092 1210 1338 1304 anhelantibus
1373 1208 1497 1310 proti·

241 1306 316 1383 sum
350 1314 422 1402 iri,
448 1334 485 1387 ut
518 1338 642 1389 uenam
675 1335 745 1387 tarn
772 1241 1205 1415 uberem-proprietatum
1237 1310 1495 1386 numericarunt

158 1494 162 1499 ¹
241 1411 475 1579 qecentisstme
519 1432 676 1514 apertam
728 1425 832 1515 quam
888 1418 1046 1515 primum
1094 1410 1234 1511 publice
1284 1428 1496 1512 promanare

258 1532 386 1585 actant.
609 1526 612 1533 ’

384 1608 455 1683 Sed
480 1612 696 1711 jamtedeo
720 1612 766 1687 ad
798 1613 944 1713 scopum
973 1609 1063 1685 mibi
1094 1608 1313 1711 propositum
1345 1605 1497 1681 reddens

242 1722 379 1780 textum
408 1715 495 1785 tanti
514 1712 594 1785 Viri
611 1709 743 1812 absque
765 1714 836 1795 ulla
868 1713 1094 1800 mutatione,
1122 1731 1160 1784 ut
1193 1704 1391 1782 innotescat
1420 1724 1498 1777 tan·

243 1824 283 1879 to
308 1806 551 1897 loculentius,
594 1835 666 1908 quo
695 1810 930 1883 fundamento
964 1810 1119 1881 nitantur
1154 1809 1367 1906 ntqaationes
1395 1828 1415 1875 a
1441 1824 1501 1873 me

244 1902 350 1979 fattae
377 1914 410 1980 in
449 1910 606 2003 partibus
641 1907 851 2008 quibusdam
878 1907 1010 2005 Operis
1065 1932 1145 2004 quae
1173 1902 1427 1988 sdrdredcunt
1453 1900 1499 1973 ad
1545 1909 1548 1928 l

244 2001 412 2079 Faslotes
443 2032 570 2106 omnes
593 2005 734 2080 omisso
758 2004 871 2079 solum
908 1962 1309 2103 rrtaximoNexposrtoffi
1337 2021 1372 2076 et
1403 2026 1449 2101 qu
1486 2041 1499 2055 ·
1574 2047 1576 2050 v

247 2102 330 2174 darn
372 2103 449 2201 typi
492 2108 707 2201 compendia
738 2159 749 2195 ‚
787 2102 928 2179 resesiis
962 2103 1067 2201 fignis
1102 2127 1327 2177 numerorum
1371 2103 1438 2173 iter
1475 2123 1499 2172 o

248 2202 514 2277 recurrentibus.
552 2204 707 2305 Reliqua
740 2202 859 2303 sparfis
888 2203 948 2278 lub
978 2203 1104 2278 litteris
1119 2202 1254 2276 Graecis
1277 2198 1500 2274 Annoratio·

207 2384 222 2395 st
247 2298 347 2371 nibus
378 2301 663 2400 tornprebendi3
692 2326 730 2379 ut
763 2325 965 2401 temporum
995 2303 1188 2386 commoda
1219 2298 1288 2375 suis
1321 2301 1411 2390 locis
1445 2297 1500 2370 in·

138 2466 143 2481 ,
247 2399 336 2472 serra
375 2398 532 2475 lestione
565 2402 749 2477 ldecessiva
783 2424 883 2477 tanto
916 2404 1073 2500 penitius
1110 2400 1236 2497 colligi
1264 2398 1404 2497 polstnt.
1443 2394 1501 2469 Si·

235 2522 352 2591 quarn
383 2498 446 2574 hac
472 2502 608 2595 ratione
638 2501 829 2597 praestitero
853 2498 1129 2576 satisfactionem
1154 2500 1389 2574 scientiarum
1414 2495 1501 2570 Ma·
1612 2551 1615 2555 -

246 2598 513 2675 thctttaticatum
541 2600 779 2691 CultoribuS,
807 2602 1029 2697 acquiescam
1055 2629 1066 2691 3
1095 2600 1155 2698 spe
1189 2595 1300 2671 fretus
1332 2596 1501 2671 laborum

246 2687 407 2770 nieorum
446 2696 724 2807 inpetquliones
753 2698 797 2772 ab
828 2699 988 2773 omnibus
1019 2701 1218 2774 excusatum
1254 2698 1326 2787 iri,
1354 2696 1417 2796 qui
1442 2711 1502 2769 aut

247 2794 438 2869 studiorum
471 2822 630 2871 meorum
661 2798 919 2895 impedimenta
956 2819 1115 2889 norunt,
1141 2818 1200 2869 aut
1226 2816 1361 2893 patrem
1378 2789 1502 2887 const·

247 2892 406 2984 derant,
434 2896 564 2995 inqua
598 2904 653 2971 tot
684 2898 783 2971 annis
820 2896 1091 2995 quodammodo
1126 2896 1261 2995 primus
1301 2893 1502 2991 speculator

248 2995 378 3083 extiti,
404 2994 614 3091 quibusdam
648 2994 891 3085 moliminibus
924 2994 1018 3070 haud
1054 3019 1177 3096 parum
1204 2990 1355 3070 extensts
1380 2992 1502 3067 termi-

247 3116 328 3163 num
359 3093 543 3192 pofiturus.
836 3185 843 3197 ἱ
901 3166 907 3182 x
1061 3106 1064 3111 ’

391 3190 850 3294 Latinitatissplendorem
889 3195 1006 3269 minus
1038 3196 1142 3270 anxie
1174 3190 1355 3292 quaestui,
1391 3198 1499 3289 quarn

248 3292 441 3388 genuinum
474 3292 643 3366 Aucloris
669 3294 804 3370 sensum
831 3298 866 3369 in
897 3295 1019 3393 Opere
1046 3292 1235 3370 Euclideo.
1262 3294 1354 3367 Dara
1381 3310 1502 3366 tamen

248 3414 357 3487 opera
390 3389 527 3461 traduxi
555 3389 719 3465 Titulunt
751 3395 840 3469 alius
858 3394 993 3488 Operis
1010 3392 1216 3466 Germanici
1241 3392 1398 3488 ejusdem
1425 3389 1504 3463 Au·

248 3483 386 3577 (ioris,
413 3486 603 3586 aliquoties
627 3491 771 3585 allegari
791 3490 1020 3588 abritraege
1046 3513 1123 3561 zur
1148 3486 1405 3562 Mathematik
1431 3486 1503 3561 ὅτε.

249 3611 313 3685 per
337 3610 472 3668 nomen
495 3581 838 3662 Additamsenmrum
862 3590 912 3661 ad
933 3586 1133 3681 Mathefim
1150 3642 1161 3679 ,
1181 3588 1278 3687 quod
1304 3584 1399 3662 idem
1428 3610 1504 3660 ma·

248 3690 303 3781 gis
325 3766 327 3771 ¹
349 3687 494 3785 proprie
542 3686 747 3762 redderetur
879 3690 1134 3787 Supplementa
1166 3717 1177 3777 3
1208 3684 1269 3759 nist
1305 3684 1503 3787 periculum

250 3782 344 3857 foret
377 3783 597 3885 Opusculam
631 3788 738 3881 praese
768 3816 781 3861 s
816 3815 895 3863 curn
932 3793 1046 3863 altero
1076 3785 1349 3863 confundendi·

354 3882 519 3993 Denique
551 3910 594 3961 ne
628 3905 732 3983 typus
771 3888 951 3987 praesentis
987 3892 1098 3983 partis
1136 3887 1368 3984 retardetur,
1396 3884 1505 3959 rescr-

188 4059 191 4062 ,
250 3994 371 4054 eamus
411 3984 581 4078 quasdam
613 3984 838 4062 advetfiones
872 4010 940 4087 pro
963 3984 1505 4087 introdusiioneSupplemeuti

234 4078 393 4155 ‚secundi
424 4079 670 4179 subjiciendae.

578 4332 587 4383 j
613 4290 616 4297 .

945 4409 976 4499 p
1004 4385 1030 4458 ii
1203 4407 1207 4414 ·
1287 4378 1476 4457 INTRO·
