3617 4909
1329 416 1332 421 ·
1360 379 1435 437 xm

444 448 486 509 ’·
535 436 1134 573 rutaouuc‘rm.

205 752 290 907 H
306 828 382 901 OG
406 832 539 911 nomine
563 828 733 901 declarabo
746 826 778 895 T
780 827 894 893 itulum
908 871 919 906 ,
943 843 978 891 et
991 825 1190 893 oteafionem
1212 827 1331 917 Operis
1345 872 1357 909 ,
1372 828 1471 895 alios·

200 941 266 1013 que
292 924 436 985 intentus
460 917 498 983 ad
520 915 762 1008 dispositionem
789 915 910 1001 Operis
934 916 1144 999 pertinentes.

223 1072 229 1082 ,
291 1002 357 1092 Qui
382 1002 557 1071 Mathesm
581 1026 645 1071 non
675 1001 781 1069 solum
806 996 994 1077 addiscunt,
1018 1001 1254 1067 verumetiam
1279 1004 1469 1091 applicant,
1504 1005 1509 1027 ‘

203 1094 408 1181 experientia
434 1087 570 1171 sciunt,
594 1089 657 1157 elle
684 1106 862 1165 numeros,
885 1088 1059 1167 rationes,
1087 1080 1263 1165 formulas,
1277 1107 1311 1154 et
1337 1108 1470 1175 compu-

204 1182 369 1258 tationes,
391 1194 464 1265 quat
482 1177 577 1256 ideo,
598 1172 685 1265 quod
708 1172 821 1262 saepius
842 1188 1038 1253 occurrunt,
1059 1168 1159 1237 semel
1180 1191 1239 1259 pro
1254 1170 1379 1264 semper
1392 1196 1471 1241 tun·

211 1263 265 1329 fici
280 1309 292 1343 ,
307 1282 342 1327 et
366 1259 546 1328 conservari
574 1280 756 1337 metentur,
783 1278 819 1323 ut
841 1276 950 1346 operae
975 1276 1143 1345 parcatur,
1171 1277 1209 1323 ea
1231 1264 1398 1327 multoties
1423 1266 1471 1325 iu·

205 1346 385 1426 veniendi,
401 1366 435 1413 et
458 1346 668 1439 computandi
690 1345 731 1413 de
758 1364 856 1413 novo.
880 1344 961 1408 Haec
990 1344 1038 1410 est
1067 1347 1170 1423 tatio,
1198 1343 1282 1433 quod
1307 1353 1341 1413 in
1367 1353 1472 1413 omni·

91 1482 93 1487 -
203 1434 266 1501 bus
292 1430 484 1500 Matbeseos
509 1432 681 1522 parribus,
708 1429 862 1522 quidquid
889 1427 1093 1499 ianabulas
1118 1430 1221 1515 redigi
1247 1438 1379 1518 potuit,
1405 1432 1471 1499 Ta·

164 1591 166 1595 ,
205 1520 294 1589 bulis
327 1517 531 1587 exhibeatur.
565 1518 879 1607 Pythagoras‘cum
910 1515 1023 1584 Abaco
1049 1515 1107 1582 suo
1141 1520 1268 1583 initium
1294 1517 1408 1597 lecit;
1437 1540 1472 1584 et

204 1604 328 1681 exinde
356 1626 459 1695 usque
487 1610 520 1671 in
547 1604 741 1672 hodiernum
764 1605 852 1672 diem
877 1621 1031 1669 numerus
1058 1606 1173 1669 talium
1199 1603 1399 1671 Tabularum
1425 1610 1473 1688 ite
1535 1609 1541 1620 '

204 1694 367 1770 increvit,
390 1712 425 1757 ut
449 1688 543 1759 fimul
567 1690 702 1782 sumptae
730 1692 914 1779 complures
941 1688 1109 1755 Foliantes
1141 1692 1324 1777 impleturae
1347 1690 1470 1770 essent5

205 1798 315 1869 neque
338 1776 471 1843 dubium
494 1779 568 1858 est,
596 1780 668 1843 illas
696 1797 792 1865 putto
819 1770 952 1841 nussum
979 1778 1028 1839 iri.
1620 1842 1623 1846 .

295 1864 432 1929 Interim
467 1862 566 1931 dividi
592 1862 719 1951 possunt
745 1858 881 1927 induas
916 1856 1027 1924 claslcs
1056 1862 1234 1945 generales.
1272 1856 1310 1925 ln
1337 1864 1474 1949 primam
1535 1937 1537 1941 Υ
1570 1914 1573 1920 .

96 2000 99 2007 -
206 1948 334 2017 classem
363 1946 541 2017 referendae
562 1947 635 2015 sunt
659 1966 707 2011 eae
727 1944 902 2025 Tabulae,
930 1961 994 2031 qtae
1032 1944 1156 2010 ervsnrrt
1169 1942 1307 2097 ¹pupulis
1336 1945 1474 2015 Mathe·

162 2098 166 2105 ,
198 2033 270 2131 ssus
292 2030 453 2122 applicate
472 2032 614 2123 partibus
631 2030 764 2120 stotflm.
790 2032 878 2095 inter
899 2032 973 2095 illas
1019 2030 1166 2096 abulaeA
1197 2036 1367 2099 tunomicae
1385 2031 1475 2123 quafi

210 2124 318 2186 unicae
337 2118 408 2183 sunt
424 2165 436 2199 ,
450 2140 522 2207 quac
538 2116 665 2187 leorsrm
681 2116 820 2185 eduntur
835 2162 845 2197 ,
860 2119 995 2203 reliquae
1010 2120 1042 2184 in
1057 2121 1096 2193 iis
1112 2118 1326 2185 Scicntiarum
1354 2119 1474 2208 specia-

210 2208 292 2287 lium
320 2200 528 2285 Trasiaribus
553 2223 721 2273 occurrere
756 2202 887 2283 solent,
915 2200 956 2269 ad
978 2223 1055 2291 quas
1081 2200 1273 2270 reseruntur.
1306 2205 1472 2273 Praetereo

207 2290 262 2356 hic
286 2286 448 2377 singulas,
475 2298 548 2382 quia
575 2291 678 2357 solum
700 2287 740 2355 de
765 2292 865 2355 altera
889 2287 984 2353 classe
1012 2291 1155 2374 generali
1185 2286 1374 2357 trasiatutus
1390 2291 1471 2361 sum.

82 2396 85 2402 ’
206 2377 289 2446 Hac
314 2378 561 2464 comprehendit
586 2398 640 2443 eas
669 2376 840 2454 Tabulas,
863 2393 937 2463 quat
963 2372 1030 2439 line
1053 2370 1234 2441 discrimine
1262 2379 1293 2440 in
1318 2379 1471 2445 omnibus

207 2458 460 2617 pdatbpimptieos
486 2463 629 2554 partibus
657 2460 751 2530 usum
777 2459 927 2543 babent,
966 2480 1001 2527 et
1023 2457 1063 2526 ad
1087 2459 1259 2549 Matbefim
1278 2479 1390 2551 purant
1422 2485 1473 2540 ree

208 2552 288 2617 'etri
337 2569 354 2612 e
382 2566 449 2615 ent.
567 2616 570 2621 ,

213 2694 217 2701 .
295 2635 422 2701 ilatum
449 2632 621 2702 notislimae
645 2634 740 2703 sunt:
776 2632 915 2701 Tabulae
941 2652 1148 2699 numerorum
1186 2633 1411 2723 quadratorum
1438 2657 1473 2705 et

209 2720 428 2823 cubicorum,
462 2741 497 2788 et
519 2741 636 2811 praeter
662 2726 735 2790 illas
766 2723 943 2811 praeprimis
971 2717 1221 2807 Logariibmicat
1247 2740 1281 2785 et
1309 2722 1474 2809 Trigonu-

187 2826 365 2875 metticae.

210 2950 217 2963 .
300 2889 437 2959 Numeri
461 2892 604 2983 quadrata
632 2896 840 2965 inveniuntur
863 2894 895 2955 in
918 2884 1075 2981 Luduspstr‘
1101 2889 1406 2979 Tetragonumettia
1430 2893 1473 2961 ab

211 2997 227 3049 1
254 2998 366 3067 usque
388 2997 516 3047 100000
541 2978 613 3049 saris
635 2984 787 3063 accurati.
814 2976 979 3045 Numeros
994 2979 1162 3068 quadratos
1185 2980 1360 3049 ettubicos
1387 2982 1428 3046 ab
1457 3000 1473 3045 1

211 3077 315 3153 usque
343 3082 447 3132 rzooo
472 3064 624 3149 exhibuit
651 3066 825 3135 Bucbnerus
839 3111 852 3145 ,
876 3062 932 3129 sed
956 3068 1070 3155 plenos
1092 3086 1246 3133 errorum.
1271 3067 1476 3148 Tabularum

213 3148 527 3237 Logatitbmicarum
547 3174 580 3219 et
605 3154 957 3241 Trigonometricarum
983 3151 1149 3233 suavinus
1172 3172 1206 3218 et
1230 3151 1385 3222 Garrlt'rter
1407 3172 1475 3233 aaut

187 3254 190 3263 ’
212 3245 416 3303 accuratione
478 3258 552 3303 uam
578 3238 808 3307 commoditate
834 3237 1035 3303 tradiderunt
1060 3235 1340 3325 praestantissimas.

282 3322 417 3387 Praeter
441 3258 514 3387 idas
538 3322 742 3410 Jontourtsus
768 3322 869 3388 edidit
891 3323 1056 3389 Tabulam
1078 3343 1289 3401 numerorum
1314 3323 1475 3409 Trigona-

212 3408 322 3484 lium,
361 3404 497 3494 quoium
521 3413 643 3477 utilitas
669 3408 753 3473 baud
789 3410 893 3494 ampla
917 3409 975 3475 esi.
1005 3408 1165 3474 Meliores
1191 3406 1477 3495 utilioresquebso·

211 3511 285 3557 rent
309 3509 357 3555 eat
383 3490 546 3575 Tabulae,
573 3514 646 3584 quae
671 3512 819 3561 numeros
848 3493 1005 3579 figuratos
1029 3497 1063 3559 in
1090 3512 1211 3579 genere
1236 3494 1276 3559 ad
1300 3496 1476 3581 ampliores

212 3579 334 3645 limites
364 3576 569 3645 exhiberent.

222 3696 225 3705 ·
298 3663 362 3728 Hae
383 3663 505 3730 rabulae
526 3663 724 3733 estimantur
735 3667 911 3756 praeprimis
925 3663 1165 3730 commoditatis
1188 3664 1305 3745 causa,
1326 3668 1403 3755 quia
1416 3686 1476 3731 nu·

214 3767 321 3813 meros
359 3747 472 3840 saepiua
509 3750 742 3841 computandus
777 3753 844 3838 jam
874 3748 978 3817 faslos
1011 3750 1331 3818 exhibent-Restat
1364 3770 1476 3819 aurem

214 3830 370 3914 Tabula,
395 3837 450 3903 ubi
480 3836 572 3903 usum
600 3838 725 3919 babet,
754 3842 858 3906 multo
881 3843 985 3924 magis
1008 3836 1193 3923 necessaria.¹
1228 3839 1309 3903 Haec
1336 3837 1385 3903 esi
1409 3839 1475 3911 aa·

208 3914 292 3985 'bula
317 3918 497 4005 Diuisorum
511 3921 570 4011 scu
593 3926 754 3990 Faunum
781 3944 980 3991 numerorum.
1022 3921 1099 3991 Non
1128 3922 1264 4003 bpbetut
1290 3922 1393 3988 adbuc
1426 3944 1477 3989 re·

217 4007 295 4099 gula
323 4011 481 4091 generalis
511 4008 757 4099 dignoscendi,
798 4034 836 4077 an
865 4030 1016 4079 uumerus
1045 4008 1240 4101 pr'atpofitus¹
1263 4017 1383 4098 primus
1415 4006 1476 4091 stt,

163 4109 165 4113 ’
208 4104 345 4157 necne.
381 4090 520 4241 quoties
548 4100 656 4188 itaque
679 4094 805 4169 necesse
822 4095 877 4169 ,esi
892 4144 903 4179 ,
931 4112 1101 4176 numerum
1128 4098 1238 4162 datum
1263 4101 1294 4161 in
1321 4094 1479 4179 suus'Di·

217 4176 339 4249 visores
363 4191 394 4242 r'e
412 4181 548 4262 oluere,
575 4178 786 4271 gratiffimum
810 4184 881 4269 esi,
906 4204 983 4254 eum
996 4186 1207 4262 evolverein
1218 4179 1371 4270 Tabula,
1394 4180 1479 4269 ejus·
1576 4190 1579 4195 ’

207 4262 471 4359 (que'Divilorea
497 4266 681 4361 exscribere
704 4268 803 4363 polle.
1123 4270 1126 4278 '
1287 4339 1410 4419 N

1411 4373 1456 4417 ou
