3617 4909
283 376 285 382 ’
390 374 457 475 nn
784 370 1248 475 artemeto-
1617 490 1620 493 ⁴

369 527 460 599 tores
488 521 615 598 eodem
650 518 765 593 satio
795 516 878 593 folii
911 516 1003 594 ultra
1037 541 1157 611 1ooo;
1182 537 1219 596 et
1241 515 1518 601 Tubularulrra
1553 540 1622 605 rou

278 644 280 649 ·
367 622 584 711 Milliones,
603 544 708 693 ausio
733 616 862 692 basium
892 642 1041 694 numero
1066 621 1111 695 ad
1127 618 1218 695 solia
1248 622 1322 719 ⁶55
1349 618 1509 699 reseratis
1534 640 1634 724 quoj·'

364 719 452 797 libet
480 719 573 797 folio
601 714 813 795 Fastoribus
845 742 1073 808 numerorum
1107 718 1348 818 1‚536‚000..
1607 796 1612 803 ,

508 816 658 893 Talibus
687 814 844 891 subsidiis
871 840 1025 893 armatus
1057 820 1228 916 progredi
1256 818 1357 917 potui
1383 818 1429 893 ad
1456 820 1543 897 alias
1567 826 1622 901 in·

367 916 573 1014 quisvriones
604 918 901 991 extraordinarias
921 944 932 1006 3
961 942 1127 1031 quarum·
1145 914 1333 1017 praecipuae
1365 943 1466 995 erant
1482 923 1621 1018 ZSeriesj

361 1016 594 1091 iiasiionum
627 1015 858 1089 decimatum
886 1016 902 1106 (
928 1014 1017 1089 mihi
1052 1040 1171 1112 potrus
1197 1041 1222 1089 n
1248 1018 1394 1093 matium
1421 1020 1438 1113 )
1466 1046 1621 1115 pertrac-
1734 1044 1736 1051 ·

361 1136 511 1189 tatarum
545 1118 588 1191 ab
621 1116 849 1191 Academicis
883 1113 1198 1208 Berolinensvbus‚
1238 1116 1393 1214 aliisque
1432 1118 1619 1197 illustribus
1683 1170 1686 1173 ⁴

359 1214 634 1291 Mathematicis
663 1238 863 1311 temporum
898 1216 1156 1313 antiquorum,
1183 1219 1219 1289 in
1250 1212 1540 1291 Memorialibus
1574 1220 1618 1294 de
1728 1290 1732 1297 .

364 1336 496 1407 17713
534 1340 620 1413 quas
659 1316 812 1413 primunt
859 1317 1018 1409 cognovi
1051 1338 1094 1387 ex
1126 1312 1186 1387 Cl.
1213 1312 1473 1415 Hindenburgi
1505 1316 1618 1399 Noua
1660 1329 1663 1333 '

359 1410 536 1489 Methodo
577 1411 781 1513 indagandi
806 1410 1071 1509 Proprietates
1105 1434 1341 1500 numerorum·
1364 1415 1502 1513 equali
1539 1416 1619 1515 lege

352 1513 671 1687 proggeeiientium
702 1532 764 1617 ope
786 1510 1073 1588 Numerationis
1098 1516 1168 1586 aut
1199 1511 1617 1616 Dintenfianis.‘Lipstae

365 1633 410 1708 17
461 1663 469 1682 .
1162 1642 1166 1649 ¹
1256 1682 1260 1688 ,
1461 1652 1465 1657 -

413 1643 434 1711 7
499 1711 633 1789 Verum
671 1710 876 1811 aspernatus
921 1736 1051 1785 nomen
1092 1710 1286 1811 systematis
1328 1712 1539 1789 Decimatis
1579 1735 1615 1795 et

357 1812 608 1914 cujuscumque
640 1812 925 1913 particularis,
954 1809 1204 1909 refugiendum
1238 1816 1359 1908 putavi
1390 1814 1435 1887 ad
1468 1811 1615 1914 systema

357 1910 587 2013 indefinitam.
615 1914 674 1987 seu
709 1911 944 2006 uniuersale3
976 1910 1038 1986 nisi
1071 1912 1213 2010 pridem
1237 1914 1389 1990 inventis
1414 1912 1534 1990 denuo
1560 1917 1615 1990 in·

357 2009 483 2085 sudare
519 2016 718 2109 congruum
752 2013 948 2085 videretur.
1283 2067 1288 2085 a
1404 2079 1406 2086 .
1602 2057 1605 2062 ·

495 2112 618 2205 Quare
643 2107 840 2185 construsia
878 2109 1032 2207 quadam
1059 2108 1307 2183 Arithmetiea
1335 2107 1541 2207 universali
1574 2113 1614 2189 in

357 2200 519 2281 numeris
537 2214 584 2301 ,s(
608 2206 750 2307 ¹adjeiia
774 2208 849 2304 jam
879 2215 955 2282 rum
976 2233 1070 2281 anno
1102 2209 1194 2305 1778
1223 2210 1260 2283 in
1280 2213 1385 2285 ritulo
1410 2212 1613 2294 intentione
1722 2284 1729 2301 ,

355 2308 500 2404 speciali
528 2306 627 2395 :At
648 2305 898 2381 inveniendas
939 2306 1112 2401 diuersas
1139 2300 1238 2407 le‘ges
1259 2364 1271 2403 ,
1291 2308 1549 2407 proprietates
1573 2326 1614 2383 et

353 2428 494 2480 arcana
525 2410 790 2502 numerorum)
833 2402 971 2483 diversa
1004 2408 1123 2481 detexi
1156 2409 1202 2493 de
1231 2407 1380 2482 seriebus
1407 2411 1514 2482 etiam
1549 2410 1636 2483 de·-

273 2554 274 2557 =
305 2582 306 2585 ,
353 2508 541 2581 cimalibus
567 2526 679 2583 inantea
711 2532 782 2582 non
815 2504 1028 2597 observata,
1057 2509 1223 2605 viamque
1248 2506 1416 2581 ostendi:
1443 2506 1613 2583 Fresiio·

335 2605 647 2777 inesseriodicas
674 2606 932 2704 cujuscumque
946 2603 1165 2703 systematis
1187 2604 1400 2680 immediate
1441 2603 1613 2702 transfe·
1718 2660 1725 2668 .

349 2706 456 2779 reni
486 2706 525 2780 in
541 2706 701 2805 jystema
737 2704 980 2876 quodcumlque
1017 2703 1212 2802 diversum.
1256 2710 1379 2803 Qram
1419 2711 1612 2783 materiam

350 2804 510 2881 Societas
522 2805 754 2893 Eruditorum
768 2806 901 2903 Pragen
917 2829 1013 2894 rum,
1031 2827 1213 2905 tamquam
1235 2805 1483 2879 inventionem
1506 2828 1613 2902 pror÷

349 2903 406 2978 sus
435 2929 564 2980 novam
589 2902 656 2979 suis
686 2901 1074 2979 inseruirTrattaribus
1088 2928 1183 2977 anno
1202 2903 1294 3001 1785
1310 2958 1321 2993 ,
1335 2907 1485 3000 praemio
1517 2902 1613 2978 mihi

350 3002 483 3078 oblato.
510 3001 731 3103 Opusculum
755 3027 865 3093 vero,
891 3000 951 3076 seu
973 3002 1247 3077 Arithmeticam
1275 3001 1509 3077 universalem
1539 3023 1612 3099 pro

349 3100 422 3176 bas
442 3099 669 3177 substrustam
701 3103 771 3177 alia
801 3098 988 3176 occasione
1014 3102 1296 3199 imprimendum
1323 3100 1609 3176 commendavit.

349 3201 462 3295 Quod
486 3203 649 3299 quamvis
674 3220 879 3300 temporum
908 3202 1035 3299 injuria
1065 3200 1264 3294 taeduerit,
1291 3198 1446 3299 resurget
1476 3224 1608 3297 prope*

349 3302 446 3377 diem
477 3301 695 3399 adaequatius
719 3354 731 3391 ‚
758 3298 821 3373 ubi
851 3322 1097 3397 opportunum
1123 3295 1245 3372 fuerit.
1516 3348 1520 3355 .
1595 3330 1603 3364 ι
1656 3348 1659 3352 .

488 3398 647 3475 Versatis
672 3398 739 3474 hac
763 3380 946 3475 occasione
970 3398 1088 3472 denuo
1112 3402 1149 3473 in
1170 3423 1295 3473 omnes
1321 3420 1438 3495 partes
1463 3394 1610 3496 legibue

343 3498 539 3601 periodicir
554 3498 810 3593 Fraiiionum,
830 3523 902 3573 non
929 3498 1010 3572 satis
1033 3523 1103 3571 con
1133 3524 1233 3572 tuum
1261 3496 1373 3570 visum
1393 3498 1439 3569 est
1463 3499 1609 3569 intuen-

344 3600 373 3672 ti
404 3598 530 3671 seriem
556 3603 762 3696 antonrm
795 3598 1011 3673 articulatim
1039 3522 1352 3695 subiequentium,
1383 3595 1517 3690 inqua
1546 3618 1609 3667 ea·

344 3697 428 3770 dem
462 3694 559 3795 figna
594 3721 726 3772 temere
758 3696 1032 3798 quodammodo
1071 3692 1188 3791 sparsa
1220 3746 1231 3782 ‚
1258 3690 1328 3765 fine
1370 3688 1634 3767 distiuiiione'
1695 3693 1701 3705 '

344 3793 496 3870 notabili
530 3794 636 3871 toties
663 3792 739 3871 sere
781 3806 995 3884 recurrunt,
1021 3795 1177 3891 quoties
1195 3792 1462 3865 Denominator
1483 3787 1606 3888 systes

238 3926 241 3931 ·
343 3896 449 3969 matis
478 3894 494 3986 (
519 3895 624 3968 nobis
659 3900 744 3991 10)
770 3896 976 3971 continetur
1013 3893 1051 3965 in
1080 3891 1261 3967 Divisore.
1283 3889 1344 3963 suo
1369 3942 1382 3979 ‚
1407 3888 1465 3963 seu
1510 3889 1605 3964 duce

341 3994 454 4069 seriei.
481 3992 578 4089 (Sic
613 4019 647 4067 v.
666 4016 702 4092 g.
730 3996 768 4069 in
798 3991 886 4067 serie
915 3992 961 4064 de
993 4016 1039 4088 97
1072 3992 1227 4087 quodvis
1257 3986 1395 4087 sgnum
1427 3987 1605 4063 decimato

340 4116 566 4167 numerorum
596 4088 673 4167 fere
707 4094 826 4169 decies
863 4110 1020 4165 recurrat
1051 4087 1267 4163 necessesest.
1294 4092 1324 4183 ).
1468 4176 1472 4183 .
1532 4174 1535 4179 ,
1587 4118 1592 4128 ·

483 4195 603 4289 Quare
635 4190 813 4269 conversis
858 4190 979 4265 studiis
1011 4188 1057 4263 ad
1094 4187 1191 4286 leges
1227 4188 1372 4275 tandem
1407 4185 1602 4261 deventum

339 4285 415 4386 est,
440 4312 483 4369 ex
503 4294 612 4372 unica
636 4289 726 4374 serie
752 4289 936 4393 compieta
966 4289 1041 4368 dari
1069 4288 1218 4385 numeri
1232 4291 1359 4390 primo·
1382 4285 1537 4372 iutuitu,
1560 4303 1610 4355 ac

1511 4377 1585 4466 fiae.
