3617 4909
358 378 392 432 er
754 353 1145 427 PRAEFATIo
1237 425 1241 431 .

336 499 391 553 tus
423 473 597 553 limitibus
630 470 787 571 Operis,
816 472 914 572 cujus
940 471 1122 568 notitiam*
1139 467 1325 575 praeviam
1357 472 1590 573 gratissimam

303 595 305 603 ’
333 575 412 651 sore
438 574 600 673 judicavi
633 570 858 648 scientiarum
873 632 877 640 .
892 572 1222 649 matbematicorum
1244 568 1479 667 Cultotibus;
1506 574 1590 655 mil}

334 674 377 750 sis
407 677 500 750 aliis.
896 678 899 682 ’

473 770 637 845 Tardum
665 770 856 846 studiorum
887 795 1049 845 meorum
1080 766 1412 846 mathematicorum
1443 772 1589 850 initium

333 896 428 946 anno
447 875 576 961 ,aetatis
622 888 704 973 351,
739 894 774 947 et
809 871 972 969 quaedam
999 871 1225 945 memorandi
1254 894 1295 957 ae
1318 871 1485 949 imitandi
1516 873 1590 947 dis·
1643 954 1645 959 ι

334 972 470 1045 sicultas
501 972 607 1068 longe
633 998 651 1043 a
679 970 864 1045 conatibus
893 969 983 1042 meis
1012 990 1238 1043 removerant
1263 968 1481 1064 spem‚cum
1513 997 1589 1047 ma·

330 1071 422 1166 gnis,
445 1071 602 1165 ingeniis
639 1070 684 1144 de
717 1071 922 1166 principatu
966 1066 1206 1142 contendendi
1250 1072 1287 1141 in
1325 1067 1587 1146 sublimioribus

329 1193 370 1241 ac
410 1168 625 1244 metlrodicis
674 1166 776 1268 hujus
821 1168 980 1242 scientiae
1023 1166 1203 1264 gradibus.
1244 1170 1366 1258 Quare
1393 1166 1586 1243 contradis

328 1267 445 1357 velis,
474 1268 608 1343 secutus
647 1261 847 1342 naturalem
892 1266 1071 1363 quandam
1102 1268 1385 1342 inclinationem
1429 1269 1586 1365 propriis

329 1368 435 1439 armis
464 1368 731 1456 contendendi,
758 1363 877 1441 inhaesi
905 1363 1063 1439 subsidiis
1091 1364 1301 1463 quibusdam
1334 1389 1400 1461 pro
1432 1365 1492 1440 usti
1524 1370 1587 1443 aii't

222 1539 225 1545 ,
327 1462 588 1540 delectamento
618 1463 849 1557 desideratis,
877 1461 1004 1538 dusius
1030 1484 1150 1540 tamen
1182 1464 1319 1559 judicio
1354 1466 1440 1558 (ne
1463 1466 1584 1541 dicam

327 1562 571 1660 praejudicio)
600 1592 608 1637 :
637 1563 696 1639 Ab
726 1564 821 1639 aliis
853 1560 1000 1657 infessa.
1019 1560 1066 1635 ab
1093 1587 1215 1641 eorum
1242 1552 1401 1653 ctastliis
1426 1587 1472 1636 ac
1513 1587 1584 1637 me·

326 1658 544 1751 chortinon
567 1662 636 1760 effe
661 1662 884 1761 repetenda3
913 1662 1108 1761 ptaesertim
1132 1663 1191 1737 ubi
1215 1665 1263 1741 ad
1281 1661 1414 1737 summa
1443 1667 1583 1738 eniten-

327 1761 412 1849 dum
447 1760 495 1837 est
519 1817 530 1853 ‚
568 1764 649 1837 usus
670 1760 888 1837 Proverblo:
916 1761 997 1837 Aac
1021 1759 1146 1858 Caesar
1169 1777 1236 1837 aut
1274 1757 1375 1835 nihil
1387 1790 1399 1853 3
1427 1764 1586 1861 propriis

327 1859 449 1958 itaque
481 1866 549 1939 viis
584 1888 625 1937 ac
659 1862 778 1937 nervis
824 1861 1041 1951 nitendum,
1069 1884 1106 1935 ut
1142 1862 1342 1937 maxim-um
1384 1860 1583 1962 quidquam

325 1980 384 2035 aut
417 1958 643 2053 obtineatur,
668 1982 727 2035 aut
762 1961 913 2035 omnino
944 1962 1142 2035 omittatur.

243 2060 246 2064 ’
463 2057 578 2155 Igitur
605 2059 809 2156 persuasus,
827 2083 899 2131 non
930 2084 1054 2155 paucas
1087 2061 1183 2158 leges
1208 2058 1396 2135 relativas
1418 2077 1584 2135 numeto⁴

326 2178 403 2237 tum
432 2152 597 2231 formulis
642 2155 819 2233 solutatiis
859 2155 1041 2257 hucusque
1062 2158 1298 2255 inaccessas,
1349 2164 1582 2258 virorumque

326 2254 533 2329 veritatibus
563 2254 822 2331 sublimioribus
851 2254 1083 2338 distentorum
1111 2258 1293 2332 conatibus
1318 2254 1489 2346 intaslas,
1517 2284 1582 2332 nu-

323 2376 504 2427 merorum
539 2351 843 2455 hoinogeneotum
879 2356 975 2448 juxta
1005 2355 1037 2429 se
1072 2355 1247 2455 positione
1276 2411 1286 2447 ‚
1311 2356 1582 2433 elementaribus

324 2451 417 2531 adeo
443 2454 630 2529 conatibus
663 2452 771 2528 reddi¹
797 2448 891 2551 polle
921 2455 1091 2553 pervias3
1134 2453 1297 2529 formulis
1330 2455 1579 2530 communibus

323 2546 417 2623 haud
448 2554 559 2627 anxie·
582 2551 763 2653 queritis,
787 2576 1015 2627 numerorum
1058 2556 1269 2631 immensam
1315 2555 1460 2628 rimatus
1502 2555 1581 2629 sum

323 2653 543 2749 congeriem.
1504 2690 1507 2695 .
1580 2699 1582 2702 -

464 2754 551 2849 Qio
581 2752 710 2827 intuitu
740 2751 799 2829 Cl.
831 2750 874 2825 L.
905 2749 1023 2825 Euler
1051 2751 1217 2833 illustrent
1261 2755 1446 2829 materiam
1487 2749 1584 2827 milii·

320 2844 488 2948 suggessit
517 2852 554 2923 in
586 2850 655 2925 suae
673 2848 845 2951 Algebrae
862 2849 986 2925 Lundi
1002 2876 1097 2925 anno
1124 2852 1217 2949 1768
1245 2853 1419 2953 impressae
1442 2852 1579 2951 prinei·

320 2951 409 3053 pio,
435 2948 498 3023 ubi
529 2947 783 3025 difficultatum
817 2950 984 3023 meminit
1009 2950 1192 3025 faetores·
1208 2975 1420 3049 magnorum
1455 2973 1577 3023 nume·

319 3069 441 3126 torum
465 3049 671 3125 evolvendi.
690 3048 896 3147 Extemplo
931 3048 1038 3124 missis
1071 3048 1170 3127 libris
1201 3052 1381 3148 tardisque
1410 3047 1579 3124 Scholas-

320 3145 474 3222 ticotum
503 3148 570 3227 viia
607 3148 653 3222 ad
692 3144 857 3224 Tabulas
897 3146 1089 3224 fanorum
1130 3147 1387 3226 consuetudine
1420 3148 1577 3247 majores

319 3241 566 3337 construendas
594 3271 651 3323 ine
686 3246 901 3346 composui,
926 3246 1098 3323 confesso
1131 3248 1252 3346 paucis
1292 3249 1421 3322 diebus
1452 3243 1576 3320 inlitu·

314 3361 476 3435 mento,
512 3347 611 3447 cujus
641 3372 712 3451 ope
743 3370 800 3423 me
833 3345 1010 3424 vistorem
1048 3350 1210 3439 omnium
1241 3346 1492 3427 difficultatum
1534 3364 1573 3418 et

247 3492 250 3497 ,
315 3440 619 3541 comparatorum
648 3446 880 3547 quotcunque
907 3448 1151 3529 aemulantium
1182 3448 1261 3524 sote
1290 3470 1364 3520 non
1383 3443 1585 3533 dubitantia

314 3538 494 3711 basimque
525 3544 727 3645 impressam
753 3572 820 3648 pro
845 3547 984 3643 aliquot
1010 3546 1233 3621 millionibus
1267 3540 1584 3641 procuravit-ties.

318 3636 410 3724 cidit
460 3666 504 3717 oc
534 3643 708 3721 Octobti'
738 3666 858 3741 1775,
887 3641 1455 3743 ternpore'scili'cetseriarum*

455 3737 623 3833 thetitis
652 3741 801 3827 subinde
830 3742 1100 3846 «supplementis
1128 3742 1225 3817 hisce
1241 3736 1589 3817 Lambertinissmi·'

315 3856 392 3913 rum
425 3834 460 3911 in
492 3839 640 3916 modum
673 3841 904 3927 confirmatus
930 3841 1011 3916 sum
1047 3843 1085 3917 iti
1120 3840 1189 3917 hoc
1222 3838 1440 3941 proposito,
1469 3837 1587 3937 'leolo-

313 3934 383 4015 fine
425 3932 709 4017 Introduslionis
748 3938 1145 4041 suae31itteuatumque
1190 3939 1445 4018 commercium
1480 3937 1574 4012 iniri

312 4056 393 4117 cum
424 4034 514 4109 Viro
541 4036 749 4127 clarissimo.
1185 4048 1190 4055 ’
1264 4068 1268 4075 ·
1361 4091 1389 4104 ..
1427 4074 1433 4103 ⁴.
1466 4061 1470 4068 ⁴
1568 4046 1584 4097 '.

331 4226 338 4242 ·
454 4138 542 4233 Quo
563 4139 600 4225 in
631 4162 675 4225 ne
728 4140 781 4217 tio
810 4164 855 4221 ue
886 4140 1084 4225 conamina
1108 4140 1262 4220 aliorum
1286 4140 1486 4233 unita·,aut
1510 4135 1581 4211 dem·

312 4224 542 4325 llbersliossei
560 4235 635 4335 jam
665 4160 850 4340 &refluit
880 4249 1027 4345 morant.
1048 4250 1109 4318 aut
1139 4244 1429 4342 praeventionem
1462 4233 1603 4313 causa-'⁴

514 4404 516 4409 .
1450 4354 1552 4427 tent,
