3617 4909
342 420 411 511 iq
722 408 1146 495 trituratio

271 548 273 553 ’
463 530 597 639 Verum
629 544 800 645 quintum
831 555 952 618 natur-a
977 539 1097 617 faveat
1121 539 1286 617 sublidiis
1315 549 1358 618 eit
1373 542 1473 642 ip&
1496 542 1586 619 lbi*

325 656 360 710 te
388 634 513 716 haustis
531 640 760 739 diligentiore
787 642 908 716 haru'm
940 643 1131 717 tabularum
1153 640 1373 739 inspedliot'ae
1400 653 1582 738 r‘e'pertltni'

325 732 381 809 ell.
407 742 569 837 'Qiippe'
586 766 702 815 earum
730 768 799 841 ope
835 768 904 816 noti
934 741 1046 816 solum
1076 738 1181 815 series
1210 743 1403 817 decimales
1431 742 1504 817 dcc.
1527 744 1584 816 ad‘

325 840 490 934 qlr'emris
529 842 716 916 terminum
757 845 1007 917 continuantur
1041 840 1215 916 facillime
1257 843 1501 929 immediate,
1542 862 1580 919 et
1697 874 1705 892 ¹

325 934 459 1033 absque
490 936 566 1014 ullo
606 942 747 1015 errandi
781 942 1127 1041 peticu103verum
1166 941 1240 1039 ipsa
1275 942 1368 1015 adeo
1402 939 1582 1035 Pandosia·

323 1038 359 1106 'et
389 1039 510 1133 anta
525 1042 599 1139 jam
630 1040 931 1139 immediatejam
961 1042 1120 1137 mediate·
1145 1040 1302 1140 expressa
1331 1043 1576 1139 reperiuntur,

323 1150 362 1207 ut
388 1140 433 1208 ita
462 1162 542 1211 cuin
566 1140 811 1241 Logaritlimis
846 1142 1086 1215 artificialibus
1119 1138 1155 1215 in
1182 1141 1451 1215 contentionem
1467 1140 1578 1216 ueni·

212 1254 216 1261 ·
325 1256 362 1304 te
392 1235 585 1313 videantur.
684 1281 693 1305 ι
932 1329 936 1331 ἡ
1349 1257 1352 1263 ⁴

331 1346 336 1355 '
465 1334 565 1429 Qud
595 1338 739 1413 multa?
778 1339 907 1415 Melsis
930 1339 1135 1431 uberrima,
1162 1341 1394 1429 maturrime,
1420 1337 1580 1433 prorsus-

326 1436 395 1527 que
423 1458 516 1509 nova
541 1460 605 1531 per
629 1438 802 1513 incultum
832 1440 1023 1541 quemdam
1051 1458 1275 1513 numerorum
1303 1462 1471 1538 campum
1505 1435 1578 1514 dif-

324 1528 400 1605 fusa
424 1531 461 1606 'se
494 1535 598 1611 offert
648 1541 870 1617 scientiarum
909 1539 1238 1614 mathematiearuin
1272 1538 1482 1612 cultoribus.
1520 1533 1580 1613 Ei

324 1625 534 1729 fragmentis
566 1637 740 1713 recensitis
768 1643 833 1714 rite
856 1634 1030 1729 ordinatis
1060 1642 1181 1736 itaque
1210 1636 1400 1736 consurget
1428 1641 1445 1731 (
1461 1639 1581 1714 immo.

321 1726 396 1826 jaui
430 1730 656 1828 confestum,
679 1742 846 1839 'rypoque
873 1737 1182 1811 accommodatum
1206 1736 1281 1827 est,
1304 1737 1503 1811 deficiente
1523 1737 1579 1811 so·
1697 1762 1700 1766 ·

323 1828 397 1903 lum
435 1833 703 1911 introdudlione
729 1894 738 1929 ,
766 1838 994 1936 partiumque
1027 1838 1261 1937 quammdam
1296 1840 1427 1930 nexu)
1474 1836 1577 1934 Opus

326 1928 506 2025 quoddam
534 1935 709 2027 integrale
745 1994 755 2027 ‚
783 1940 880 2029 quod
912 1937 1054 2011 ordiens
1081 1935 1129 2009 ab
1155 1936 1356 2008 evolutione
1385 1934 1578 2008 Faslarum

305 2049 552 2110 numerorum
577 2032 667 2107 infra
692 2061 742 2129 24
767 2038 783 2129 (
809 2059 867 2109 aut
906 2039 1058 2110 omnino
1087 2056 1156 2111 100
1182 2040 1198 2131 )
1229 2037 1420 2122 Milliones
1457 2035 1578 2109 transt

326 2125 371 2198 ad
396 2126 684 2206 Arithmeticam
710 2136 954 2232 universalem
981 2152 1169 2233 tamquam
1195 2132 1346 2225 bastin,
1390 2137 1577 2208 dominans
1637 2160 1670 2175 ··

325 2220 573 2320 Divifhribus
594 2232 798 2331 periodicit
824 2236 964 2308 ratione
997 2258 1170 2332 potente,
1198 2234 1334 2307 efficaci
1363 2258 1404 2307 ac
1422 2233 1579 2307 eviden·
1734 2232 1736 2243 '

238 2324 240 2332 ‘
326 2343 390 2417 te3
420 2324 508 2401 Inde
533 2356 552 2403 a
580 2328 814 2407 Tradusiiaue
840 2332 1077 2407 Periadarum
1099 2331 1317 2431 specialium
1341 2334 1434 2407 inter
1471 2335 1504 2409 se
1532 2334 1579 2407 ad

325 2418 425 2522 leges
448 2428 658 2524 periodicas
693 2432 920 2533 un'iverstrles
946 2491 956 2523 ,
980 2432 1069 2522 ⁴sine
1100 2429 1316 2505 restriiiinne
1356 2432 1399 2505 nd
1432 2429 1578 2530 systema

327 2517 479 2616 speciale
503 2554 512 2601 τ
540 2528 770 2635 Legibusque
798 2534 991 2631 periodicis
1024 2539 1071 2606 ita
1098 2531 1254 2605 stabilitis
1282 2536 1372 2607 redit
1399 2534 1443 2604 ad
1475 2531 1579 2604 aala-

325 2643 388 2695 res
414 2627 668 2723 quantitatum
695 2635 963 2709 numericarum
988 2651 1064 2706 tum
1091 2629 1312 2727 respitiiuas
1336 2687 1347 2721 ,
1374 2655 1447 2706 tuiti
1478 2629 1578 2727 absa-

323 2716 453 2818 'lutos3
478 2725 630 2807 sternens
658 2735 754 2809 viam
780 2732 826 2807 ad
851 2730 981 2835 Quota
1007 2751 1043 2806 et
1069 2727 1253 2805 Produslu
1277 2751 1320 2805 ex
1343 2729 1425 2830 ipss
1459 2745 1579 2803 nume·

323 2826 447 2900 'rorum
472 2827 670 2906 uisceribus
707 2833 923 2932 prodeuntia
951 2832 1023 2906 &a
1217 2852 1221 2857 ’
1433 2908 1437 2915 ,
1554 2897 1567 2916 s

468 2924 693 3037 Celerrimuss
716 2931 840 3006 horum
876 2932 1104 3005 conaminum
1133 2928 1367 3029 progressus,
1405 2949 1440 3002 et
1465 2930 1580 3002 conti-

306 3024 510 3098 nuationis
536 3022 690 3105 facilitas
712 3056 728 3124 '3
757 3028 902 3131 passibus
925 3031 1000 3129 jam
1026 3032 1190 3105 exomni
1220 3048 1318 3125 parte
1345 3028 1503 3101 definitis
1537 3050 1578 3099 ac

328 3121 493 3195 dimensis
509 3179 519 3215 ,
535 3125 725 3204 secundum
744 3155 817 3230 prae
836 3130 868 3204 se
887 3132 969 3204 tulit
994 3131 1275 3204 emolumentum
1297 3182 1307 3217 ‚
1326 3128 1423 3225 quod
1449 3125 1508 3199 est.
1524 3129 1581 3199 iu·

327 3219 513 3297 credibilis
545 3224 762 3303 Tabularum
790 3232 997 3319 accuratio,
1026 3226 1299 3327 quae‘rarillittte
1330 3226 1513 3299 obtinetur
1540 3224 1579 3295 in

328 3316 465 3425 tabulis!
491 3326 663 3423 congestis
689 3354 708 3402 a
736 3326 881 3401 diversis
909 3324 1217 3429 computatoribus
1239 3356 1251 3418 3
1278 3346 1337 3400 aut
1376 3346 1579 3421 temporum

328 3441 369 3491 ae
394 3420 559 3497 locorum
587 3426 881 3502 vicissitudinibus
895 3425 1088 3503 'distrastis

469 3524 539 3599 Sed
565 3552 608 3600 ne
635 3511 790 3627 pluribus
822 3528 1012 3629 persequar
1036 3524 1227 3601 commoda
1253 3579 1263 3612 ,
1289 3545 1442 3620 quorum
1475 3520 1580 3617 copia

329 3618 500 3697 immensa
527 3627 692 3720 ridetur,
719 3626 799 3703 satis
828 3629 923 3718 erit,
952 3627 1129 3723 perruptis
1160 3620 1432 3718 quodammodo
1460 3642 1582 3693 nume-

328 3746 449 3797 rorum
478 3726 654 3823 repagulis
681 3726 739 3800 liic
775 3726 885 3823 pandi
914 3726 1056 3799 divitias
1092 3746 1205 3824 noras
1231 3717 1276 3793 ab
1303 3717 1485 3817 indigestis
1517 3742 1583 3791 nu·

328 3842 507 3897 merorum
536 3824 649 3899 massis
682 3823 850 3913 basianus
876 3820 1133 3922 inseparabiles.
1282 3830 1286 3839 '

471 3925 556 4021 Quo
582 3925 620 3995 iti
652 3927 800 4023 negotio
827 3947 907 3997 non*
930 3948 1054 4021 parum
1089 3920 1237 3995 debetur
1272 3918 1441 4016 benignae
1469 3934 1583 3989 atten-

323 4018 422 4096 'tioni
447 4046 481 4095 et
507 4022 730 4121 generositati
759 4024 808 4097 R.
835 4022 1047 4098 Academiae
1072 4020 1310 4096 Scientiarum
1334 4018 1499 4112 ‘superius
1523 4036 1583 4127 ee·

328 4120 502 4215 lebratae,
529 4146 601 4223 prae
634 4123 759 4223 primis
801 4146 887 4199 vero
934 4120 1144 4220 quibusdam
1170 4118 1445 4193 Matbeinaticis
1483 4112 1582 4188 illius

330 4222 529 4315 membris,
557 4222 618 4323 qui
645 4222 783 4297 collatis
811 4222 856 4295 ad
886 4221 981 4297 illius
1012 4218 1356 4295 consummationem
1392 4213 1580 4302 subfidiis,

252 4366 262 4405 t
329 4318 428 4399 nullo
452 4342 603 4425 partiunt
632 4321 841 4423 propriique
873 4319 1064 4401 commodi
1098 4317 1215 4395 studio
1258 4316 1389 4395 retenti
1428 4312 1593 4389 animad-

683 4443 685 4449 ’
1480 4436 1560 4489 tei·
