3617 4909
593 350 1153 433 saranescum.-
1300 378 1460 439 xunu

229 484 389 573 tegral‘em
416 484 474 551 vix
488 472 596 550 locunt
610 479 769 547 habuisset
787 506 796 559 3
823 484 898 571 quia
920 481 965 549 esl
980 480 1161 549 verosrmile
1178 527 1188 561 ,
1206 478 1349 547 suturn'm
1375 483 1490 565 luisse,
1526 494 1528 497 ‘
1586 537 1588 544 .

229 593 265 640 ut
295 570 571 639 introducerentur
594 568 874 637 denominationes
903 572 1050 655 analoga
1078 566 1183 633 Plano
1205 562 1393 659 lyprrlulr'cu
1408 618 1419 650 ,
1436 591 1493 638 ant

230 656 372 727 Arculus
399 655 602 747 hyperbolicis.
629 660 737 745 Atque
761 664 805 723 ita
834 654 874 720 stc
899 652 985 720 dicia
1009 656 1154 740 (linea)
1182 654 1363 741 Logistica‚
1390 654 1493 723 sano·

233 748 321 815 mine
345 752 479 811 omnino
506 767 570 811 non
595 743 765 824 caruisset,
787 740 874 807 aliud
893 764 1011 809 nomen
1031 738 1124 805 naua
1147 738 1265 807 suisset.
1294 742 1491 832 Arr'cornpu·

230 851 305 898 tatae
330 828 607 897 luissent'Tabulae
631 829 901 916 Logarithmicae‚
925 832 1083 917 praecipue
1111 846 1234 907 tant-ae,
1260 848 1295 893 ut
1315 827 1412 898 hodie
1435 834 1491 895 ha·

232 917 349 985 bentur
366 964 376 997 ‚
400 920 462 984 alia
483 916 530 984 est
552 914 693 1005 quaestio.
723 914 809 985 Nam
824 914 918 981 labor
932 913 1104 983 indelessus
1121 916 1158 979 ad
1173 915 1403 1001 computandas
1419 936 1491 982 tan-

232 1025 280 1069 tas
304 1004 447 1072 Tabulas
474 1026 489 1069 a
514 1024 660 1091 tempore
676 1000 813 1091 Napp‘eri
828 1048 839 1082 ‚
853 1000 977 1087 Brigglt'
1003 1022 1036 1066 et
1050 998 1155 1065 Vlaccr'
1182 1005 1321 1069 multum
1345 998 1492 1085 defecit;

232 1112 294 1156 nec
320 1088 414 1155 facile
439 1088 532 1157 soret
550 1094 692 1157 invenite
717 1089 877 1157 Editores.
911 1088 1002 1153 Rene
1028 1091 1137 1175 itaque
1160 1084 1306 1168 lassum,
1330 1088 1416 1176 quod
1440 1110 1493 1155 res

137 1234 139 1237 ,
232 1180 278 1241 ita
301 1174 473 1261 successit,
498 1197 532 1243 et
559 1174 646 1264 quod
671 1174 872 1263 Logarithrni
896 1177 1022 1244 inventi
1053 1172 1125 1239 sunt
1152 1193 1227 1239 ante
1255 1177 1418 1248 calculum
1442 1170 1503 1242 in⁴¹

235 1282 268 1329 te
396 1310 405 1328 .

271 1266 392 1430 {laiss
432 1345 501 1421 lam
525 1368 561 1415 ut
582 1346 622 1414 ad
648 1370 902 1431 temtaretur,
933 1366 1045 1436 repeto
1058 1346 1340 1429 Annotationem,
1364 1368 1382 1413 a
1409 1368 1493 1415 tem·
1582 1410 1587 1417 .

231 1456 311 1521 pore
344 1436 457 1499 calculi
487 1438 651 1520 integralis
678 1436 903 1523 Logarithmos
933 1440 1057 1501 ratione
1090 1439 1192 1521 magis
1217 1436 1360 1521 generali
1385 1432 1493 1517 lassos

235 1519 427 1593 necessarios
442 1566 455 1605 ,
478 1542 572 1618 quam
599 1522 724 1614 Nepper
748 1521 804 1592 fibi
831 1544 958 1614 poterat
984 1525 1162 1622 imaginari.
1189 1522 1355 1609 integrale
1386 1603 1390 1612 ι
1456 1590 1460 1595 ,

743 1701 749 1722 ,,
801 1640 913 1778 ssu

877 1768 899 1815 x

235 1890 269 1937 et
291 1868 417 1937 infinita
443 1870 503 1956 alia
528 1866 745 1960 dependentia
773 1862 925 1944 abhoc,
957 1864 1121 1933 multoties
1148 1888 1318 1937 occurrunt
1345 1873 1378 1936 in
1405 1868 1496 1937 Inte·3

235 1963 405 2043 gratione3
439 1976 472 2021 et
499 1954 565 2023 stne
594 1954 808 2043 Logaritbmis
842 1954 1016 2018 multitudo
1042 1954 1288 2024 Problematum
1315 1956 1498 2024 utilisfimo⁴

200 2058 201 2061 ’
236 2065 307 2107 rurn
331 2064 364 2109 et
389 2046 522 2108 maximi
546 2048 699 2109 momenti
724 2064 787 2105 non
814 2036 919 2105 suisset
944 2038 1057 2106 soluta.
1083 2040 1150 2115 Jam
1171 2063 1248 2109 vero
1274 2046 1418 2110 calculus
1446 2048 1495 2108 in-

235 2132 368 2213 tegralis
407 2133 532 2217 proprie
571 2134 702 2219 requirit
731 2124 955 2212 Logatitbmos
987 2126 1208 2216 hyperbolicos,
1233 2126 1288 2196 seu
1313 2125 1494 2210 naturales,

237 2236 318 2310 quos
344 2216 468 2303 Nepper
494 2218 586 2281 initio
611 2232 878 2306 computaveram
898 2234 937 2279 ut
958 2211 1073 2281 saltem
1096 2214 1256 2304 specimen
1284 2219 1419 2285 offerret
1447 2237 1496 2290 ta·‚

235 2304 316 2381 lium
343 2300 553 2373 Tabularum.
673 2360 676 2367 .
856 2328 858 2333 ·
891 2378 894 2383 .

249 2414 254 2421 ·
325 2388 411 2454 Cum
438 2409 516 2454 vero
543 2409 618 2455 tunc
648 2386 847 2475 Logaritbmi
877 2393 1003 2479 proprie
1040 2386 1195 2455 servirent
1220 2390 1257 2456 ad
1281 2392 1503 2479 computatio·¹

238 2476 288 2539 nis
315 2474 567 2563 compendium3
600 2472 758 2563 negledlis
782 2476 998 2563 Logarithmis
1020 2468 1213 2563 lpperlolicls
1241 2481 1294 2543 alii
1330 2483 1496 2565 computa-

234 2564 260 2625 ti
289 2558 384 2641 sunt,
413 2559 545 2649 speciali
566 2559 678 2628 sormae
706 2562 854 2628 decimali
884 2566 987 2649 magis
1013 2582 1249 2649 competentes.
1284 2564 1352 2640 lam
1381 2570 1495 2631 inven-

236 2668 271 2713 to
299 2648 423 2713 calculo
452 2651 600 2735 integrali
647 2670 773 2715 oterant
800 2652 901 2737 repeti
931 2646 1130 2733 Logarirhmi
1154 2653 1315 2715 naturales
1339 2671 1373 2717 et
1395 2664 1499 2740 expu-¹

236 2737 270 2797 ni
294 2739 325 2799 in
347 2734 492 2799 Tabulis.
519 2734 584 2800 Sed
641 2736 736 2800 abula
765 2734 971 2823 Nepperiana
998 2733 1108 2798 delicit
1130 2737 1244 2800 ultima
1268 2758 1369 2817 nota,
1396 2758 1430 2801 et
1453 2735 1500 2802 ste

236 2818 343 2885 denuo
369 2826 544 2907 computari
570 2819 731 2888 debuisset.
768 2824 820 2887 Ex
845 2839 938 2908 parte
958 2823 1058 2885 etiam
1080 2820 1142 2887 hoc
1171 2820 1397 2887 consolabatur
1416 2842 1497 2886 non-

237 2906 347 2987 nihil,
375 2906 600 2992 Logarithmos
630 2912 788 2975 naturales
823 2912 960 2977 inveniti
984 2906 1071 2997 posse
1108 2929 1153 2974 ex
1173 2908 1387 2997 ‘Briggianis,
1413 2911 1498 2976 mul·

202 3062 203 3066 ,
239 2996 392 3084 tiplicatia
416 3016 490 3061 curn
558 3050 565 3056 .
1201 3039 1203 3042 -
1353 3021 1356 3025 ·

472 3089 475 3149 ζ
505 3081 647 3165 2330258
676 3100 781 3163 50929
803 3100 915 3165 94045
937 3080 1178 3165 6840179914
1201 3102 1263 3151 erc.
1355 3115 1357 3118 v
1432 3111 1435 3120 ¹
1483 3091 1485 3098 “

237 3196 286 3348 Ep
304 3193 344 3347 sap
367 3194 506 3261 Tabulae
535 3195 817 3283 Logaritltmorum
840 3199 1032 3264 naturalium
1060 3197 1196 3287 majores
1221 3196 1407 3267 manserunt
1429 3196 1496 3265 fin'e

239 3304 257 3350 e
286 3284 374 3352 eeu.
879 3330 880 3333 ,
1508 3351 1517 3360 Ι

284 3376 313 3446 §.
340 3366 394 3447 585
437 3367 543 3434 Modo
568 3374 670 3453 magis
696 3371 873 3434 admirabili
899 3372 1047 3457 processu
1059 3368 1237 3437 uberrima.
1267 3372 1329 3435 llle
1357 3368 1497 3435 exhibet

239 3458 273 3519 in
289 3451 531 3519 Introduslione
543 3454 744 3519 Tabularum
761 3454 885 3517 suarum
902 3456 1127 3541 Logarithmos
1142 3459 1333 3540 Briggianos
1351 3457 1498 3518 omnium

240 3560 447 3609 numerorum
474 3539 512 3605 ab
545 3538 676 3628 rusque
709 3558 793 3619 100,
816 3558 849 3604 et
872 3546 1016 3605 omnium
1040 3546 1212 3629 primorum
1228 3539 1326 3629 usque
1358 3556 1442 3604 1100
1464 3541 1498 3604 in

240 3631 285 3693 60
324 3632 409 3693 notis
445 3626 686 3707 decimalibus,
708 3624 906 3707 ostendens,
930 3627 1093 3716 quomodo
1134 3631 1266 3691 illorum
1298 3646 1362 3714 ope
1390 3625 1497 3712 Loga-

241 3713 350 3779 rithmi
374 3718 519 3780 omnium
543 3734 748 3781 numerorum
774 3716 972 3803 reliquorum
999 3714 1100 3804 usque
1128 3714 1167 3779 ad
1186 3717 1229 3777 60
1252 3734 1343 3779 notas
1366 3733 1499 3801 compu-

242 3804 299 3868 tari
327 3799 452 3888 possunt.
491 3800 558 3877 lam
593 3822 667 3867 cum
693 3800 894 3888 Logatitbmi
920 3800 1105 3889 Briggiani.
1126 3804 1251 3889 proprie
1279 3799 1417 3887 serviant
1431 3799 1502 3883 ad

242 3886 474 3973 compendium
513 3890 656 3967 calculi,
692 3886 752 3954 hoc
784 3892 909 3953 intentu
925 3886 1101 3954 Shetvinus
1130 3893 1258 3975 penitus
1296 3888 1498 3953 aberravita

242 3974 340 4063 scopo
365 3973 445 4051 suo;
471 3978 545 4063 quia
574 3979 606 4039 in
630 3970 922 4063 computatiombus
948 3972 1196 4062 Logarithmicis
1225 3996 1294 4064 pars
1319 3977 1497 4060 proportio·

241 4064 322 4127 nalis
350 4058 434 4149 quafi
460 4060 573 4126 eadem
615 4066 766 4149 temporis
791 4056 917 4146 jallura
944 4065 1130 4141 invenitur,
1154 4082 1227 4147 quae
1255 4064 1424 4149 requiritur
1458 4058 1498 4125 ad

242 4150 520 4235 computationem
540 4144 604 4213 sme
629 4146 854 4239 Logarithmis.
894 4147 972 4233 Ejus
996 4147 1126 4213 Tabula
1149 4171 1224 4211 cum
1255 4153 1299 4211 60
1331 4150 1499 4231 notis-igi·

246 4255 298 4300 tur
322 4232 359 4299 nd
388 4230 547 4300 summum
579 4254 647 4298 tum
679 4254 804 4299 tantum
827 4233 951 4299 bonum
973 4232 1073 4298 habet
1108 4231 1228 4313 usum,
1256 4233 1312 4296 ubi
1348 4250 1500 4296 numerus

246 4317 425 4408 elevandus
455 4316 503 4389 est
527 4318 566 4387 ad
584 4322 664 4389 altas
687 4319 887 4410 dignitates,
916 4340 950 4387 et
976 4308 1169 4411 produslum
1193 4317 1386 4385 desideratur
1412 4337 1501 4379 accu-

1431 4416 1480 4461 m,
