3617 4909
364 500 429 559 noe
452 510 566 575 quoque
585 454 674 577 Opus
693 484 742 551 vix
768 487 893 572 impleris
919 477 1053 571 q'tsa's'ta'in'
1082 471 1194 572 partem
1214 480 1408 557 Tabularum
1430 484 1567 578 'trigoris-⁸

207 622 208 625 ,
304 581 510 647 metricorum,
532 574 567 634 ad
588 576 729 636 ‘decimam
754 592 841 653 potio
857 587 969 652 partem
990 573 1142 635 reductum
1156 619 1165 646 ,
1177 593 1298 635 omnem
1313 578 1566 648 ‚dimenfionibus

304 674 462 720 extremam
487 660 700 719 accurationem
726 675 788 715 non
811 653 1014 735 repetentibus
1031 654 1222 724 ‚conciliabit
1247 656 1433 721 facilitatem.

347 757 372 809 5.
415 741 500 819 Opus
525 740 697 817 bipartitum
717 738 875 797 continens
898 739 930 795 in
953 738 1040 815 prima
1065 754 1149 813 parte
1174 737 1297 796 Periaelas
1324 744 1467 819 generales
1493 751 1568 803 cami
1653 737 1656 740 ’

192 894 195 898 ¹
301 823 390 900 pletas
411 822 470 896 (id
489 821 529 879 eil
551 838 602 899 pro
623 818 760 879 omnibus
786 819 920 878 terminis
943 837 1033 895 usque
1062 819 1163 894 p-i)
1183 821 1298 875 amasam
1322 831 1489 882 numerorum
1511 828 1572 904 pri·

301 922 401 959 sarram
425 925 443 977 p
468 898 541 961 infra
571 916 647 959 1000
671 901 712 957 ita
733 897 901 978 expositas,
927 913 961 958 ut
980 919 1015 957 ex
1028 900 1129 973 quovis
1153 903 1279 957 termino
1293 904 1361 977 (ω
1373 947 1380 961 .
1394 926 1451 963 .a.
1464 945 1473 965 .
1484 903 1572 981 p-i)

298 983 454 1061 'eoraspecto
478 981 645 1040 immediate
669 982 903 1039 determinentur
928 978 1004 1058 leges
1029 978 1096 1039 liuic
1120 981 1249 1040 crimino
1269 982 1363 1042 relate
1389 984 1465 1063 adp
1489 985 1572 1045 suos-

300 1083 356 1141 que
380 1067 523 1123 terminos
549 1060 639 1120 socios
658 1060 724 1135 (2,3
743 1104 774 1121 ..
798 1086 814 1119 n
837 1061 915 1135 etc.)
936 1080 1129 1132 communes,
1154 1075 1211 1119 etc.

304 1209 309 1217 Ι
359 1143 394 1201 In
417 1158 496 1223 parte
513 1140 649 1217 sectasse
670 1158 858 1221 exponuntur
885 1139 1042 1217 frasiiarses
1072 1141 1209 1221 speciales
1231 1142 1375 1201 decimales
1397 1146 1574 1224 periodica,¹

245 1292 247 1295 ¹
300 1226 405 1301 cuique
431 1225 608 1283 numeiacoii
633 1222 705 1282 infra
726 1244 801 1300 ως
823 1222 870 1298 (id
895 1220 1207 1281 estdenominatoium
1230 1237 1289 1281 tam
1304 1225 1470 1301 primorum
1483 1245 1572 1302 quani

300 1300 543 1383 compositorum)
565 1304 708 1380 propriae.
729 1320 765 1359 eo
785 1302 983 1379 compendio,
1006 1318 1040 1361 ut
1059 1304 1165 1380 quevis
1191 1316 1263 1364 nota
1277 1304 1429 1364 decimalis
1451 1307 1574 1383 respon·

299 1386 370 1445 dens
392 1400 477 1443 certe
502 1382 618 1441 stationi
641 1402 700 1439 non
728 1380 778 1439 nisi
802 1381 890 1439 semel
919 1396 1052 1443 occurrat
1066 1425 1076 1453 ‚
1091 1386 1264 1461 cunctisque
1283 1386 1519 1446 numeratorihus
1540 1390 1574 1446 iii

299 1464 402 1538 eadem
423 1463 492 1527 serie
517 1462 735 1521 occurrentibus
759 1461 845 1523 semel
867 1480 921 1538 pro
945 1463 1060 1542 semper
1083 1462 1228 1524 inserviat.

361 1543 682 1623 Quod'compenrlium
703 1544 836 1619 quamvis
875 1538 949 1596 salva
973 1545 1099 1618 partium
1128 1546 1300 1622 integritate
1325 1566 1411 1624 porro
1435 1547 1574 1608 contrahi

300 1637 458 1702 nequeat,
482 1638 588 1694 ,tanien
625 1619 789 1685 restrictum
823 1618 859 1679 ad
891 1637 979 1677 unam
1015 1622 1181 1681 alteramve
1204 1627 1371 1689 centuriam
1404 1628 1438 1684 ad
1460 1626 1499 1686 ii.
1520 1642 1575 1687 aut

298 1707 396 1768 XXV.
430 1718 543 1844 paqtem
566 1700 727 1763 voluminis
753 1699 887 1771 recidet,
912 1700 990 1779 quod
1009 1721 1088 1762 nunc
1108 1703 1256 1783 integrum
1286 1724 1320 1778 30
1344 1706 1474 1784 plagulas
1506 1706 1574 1767 scii·

327 1800 370 1849 tas
395 1805 466 1845 exce
488 1788 521 1845 it.

301 1807 323 1941 ξ)
363 1865 479 1947 Quibus
502 1864 614 1945 legibus
643 1868 678 1924 ad
701 1864 825 1925 formam
848 1866 941 1943 magis
973 1866 1128 1942 practicam
1149 1863 1207 1941 jam
1230 1866 1374 1940 redactis,
1395 1867 1572 1947 supersederi

299 1952 413 2027 poterit
444 1944 546 2006 multis
568 1946 767 2027 ambagibus„
784 1944 887 2023 quibui
919 1957 987 2003 ante
1013 1942 1220 2005 definitionem
1252 1946 1350 2025 legum
1387 1949 1574 2028 periodorum

300 2027 386 2105 (jam
407 2024 627 2105 raaiaersalr'uni)
650 2028 686 2087 ad
706 2047 751 2086 eas
772 2026 932 2086 deventum
952 2023 991 2083 est
1005 2045 1015 2098 ;
1029 2024 1187 2103 presertim
1208 2026 1291 2098 illis,
1311 2047 1374 2106 que
1395 2030 1430 2087 ad
1449 2031 1572 2090 unicum

292 2108 416 2188 misma
436 2110 607 2189 particulare
629 2109 786 2167 desedirans
813 2105 948 2166 restricte
973 2122 1007 2178 30
1028 2103 1088 2164 fere
1111 2105 1217 2166 abhinc
1240 2111 1325 2167 annis
1350 2122 1380 2167 et
1393 2109 1487 2170 adhuc
1509 2108 1572 2189 pos·

302 2203 350 2248 tea
371 2190 501 2265 ingentia
523 2188 672 2245 volumina
696 2187 908 2262 impleverunt.
952 2196 955 2201 “
1063 2205 1067 2213 ·

365 2272 457 2339 Hec,
484 2268 623 2342 inquam,
646 2267 748 2345 Opera
771 2283 823 2343 pro
843 2264 897 2322 usu
916 2264 1197 2332 mathematicorum
1212 2266 1509 2331 accommodatissima
1521 2281 1574 2351 pai

305 2364 367 2421 iata
392 2352 471 2411 suet.
508 2347 643 2426 Cumque
662 2345 842 2424 singulorum
856 2345 1044 2424 „compendia
1065 2344 1149 2404 snnul
1176 2347 1290 2427 sumpta
1311 2349 1395 2426 longe
1415 2349 1490 2407 insra
1514 2352 1575 2411 duo

302 2432 471 2513 Alphaheta
490 2429 591 2491 sosine
613 2426 763 2506 descriptae
786 2426 903 2505 reprimi
930 2422 1063 2505 pollint3
1087 2427 1161 2485 nihil
1181 2427 1240 2505 jam
1262 2429 1409 2508 superesi,
1430 2450 1517 2507 quam
1538 2447 1576 2493 ut

302 2519 381 2575 sotis
402 2510 562 2587 majoribus
584 2507 767 2577 deliniatur,
790 2526 848 2585 quo
866 2508 995 2566 termino
1022 2510 1052 2566 in
1076 2510 1178 2585 quovis
1204 2512 1307 2569 horum
1331 2510 1515 2586 objectorum
1540 2513 1573 2572 in

302 2594 415 2665 summa
435 2590 520 2653 facile
544 2596 561 2650 6
581 2587 749 2669 Alphebera
776 2586 984 2649 excedentium
1011 2587 1244 2667 abrumpendum
1266 2587 1329 2661 sit,
1353 2603 1389 2649 ut
1414 2593 1475 2653 hace
1498 2612 1574 2652 nove

302 2673 461 2754 supellex,
484 2674 583 2753 paucis
606 2670 745 2731 immensa
767 2667 1042 2747 comprehendens,
1065 2667 1203 2730 methodo
1229 2672 1320 2748 inagis
1341 2672 1464 2730 naturali
1482 2691 1572 2750 quam

303 2755 467 2817 scholastica
499 2772 534 2812 ex
559 2750 684 2812 vinculis
712 2750 768 2809 suis
790 2761 926 2819 extorta,
947 2750 978 2807 in
991 2768 1092 2808 inaniis
1112 2751 1247 2809 omnium
1271 2754 1369 2809 venire
1392 2750 1482 2829 possit
1495 2794 1506 2823 ‚
1519 2755 1571 2829 qui

302 2838 478 2911 qualitatum
498 2836 736 2902 numericatum,
768 2826 998 2908 expressionibus
1029 2828 1165 2889 solitariis
1195 2847 1257 2890 non
1278 2831 1568 2911 obtemperantium,

300 2911 435 2975 sontibus
457 2914 645 2975 delectantur.

363 2994 470 3054 Fidelis
496 2994 635 3054 Inllituto
658 2992 802 3053 dictorum
817 2990 1009 3049 Eruditoiiim
1024 3032 1034 3060 ,
1056 2991 1135 3066 quod
1153 2989 1192 3051 eti
1207 2988 1337 3070 prodelse
1350 3037 1360 3065 ‚
1371 3005 1401 3053 et
1413 3014 1480 3053 meo
1494 2998 1570 3074 pso·'

301 3071 421 3159 posito.
441 3074 524 3153 quod
544 3087 626 3143 etat,
656 3071 856 3133 consummare
882 3070 1021 3145 quasdam
1044 3070 1254 3132 meditationes
1282 3092 1413 3133 meorum
1437 3089 1575 3134 contem·

293 3152 497 3237 vporaneoruni
518 3150 753 3234 operosissimas,
770 3148 948 3227 specialitate
968 3145 1017 3209 sua
1038 3150 1167 3211 exclusas
1194 3152 1230 3211 ab
1250 3152 1302 3211 usu
1324 3158 1414 3230 magis
1436 3175 1569 3215 oommu·

302 3240 355 3303 iii;
390 3255 450 3295 non
468 3235 643 3312 acquiesco,
666 3252 712 3290 eas
735 3250 767 3289 ea
791 3232 997 3308 generalitate,
1022 3230 1107 3305 cujus
1128 3246 1244 3292 tantum
1257 3236 1373 3291 Numeri
1393 3237 1467 3311 (qua
1479 3236 1569 3311 tales)

301 3335 421 3397 sapaces
444 3314 536 3385 sunt,
560 3328 591 3372 et
613 3331 649 3370 eo
674 3311 850 3388 compendia,
876 3308 954 3389 quod
975 3308 1070 3368 Omnia
1093 3312 1247 3387 (terminis
1260 3314 1472 3392 suis-propria)
1496 3333 1570 3373 con·

302 3401 407 3467 tinet,
430 3394 466 3453 ad
489 3414 552 3477 eain
576 3392 738 3473 perduxisse
773 3392 1003 3470 sinplitrrdr'riem,
1039 3402 1074 3449 ut
1099 3394 1145 3451 vel
1167 3393 1275 3451 summa
1297 3393 1469 3469 petentibus
1492 3394 1589 3463 suffir

303 3482 401 3539 ciant:
425 3474 473 3535 sed
491 3475 550 3553 jam
580 3486 739 3551 occupatus
765 3472 850 3540 sum,
873 3470 1025 3529 formando
1047 3472 1228 3550 compendia·
1244 3473 1381 3531 omnium
1403 3494 1543 3552 generum
1557 3489 1572 3545 ,“

303 3570 444 3633 utquam
465 3544 591 3633 primum
611 3554 725 3633 prodire
744 3547 855 3629 possint
878 3555 911 3609 iii
931 3549 1108 3614 Publicum:
1137 3565 1186 3611 aut
1209 3548 1229 3609 si
1257 3552 1325 3612 huic
1347 3551 1571 3614 determinatio·

306 3638 346 3703 ni
364 3636 519 3713 quidquam
539 3633 684 3695 obstiterit
697 3676 706 3703 ,
719 3630 822 3711 Copia
840 3626 940 3691 fideles
962 3630 1092 3689 exhiberi
1108 3628 1219 3709 pollini
1240 3630 1426 3698 scientiarum
1443 3632 1571 3707 calvari,

305 3708 383 3797 biis,¹
402 3734 448 3799 eqr
469 3714 519 3814 suh
542 3714 627 3801 jutis
649 3708 873 3804 conditionibus
895 3707 1133 3803 desderantilavs·

1703 2100 1710 2324 l
