<?xml version="1.0" encoding="UTF-8"?>
<!DOCTYPE html PUBLIC "-//W3C//DTD XHTML 1.0 Transitional//EN"
    "http://www.w3.org/TR/xhtml1/DTD/xhtml1-transitional.dtd">
<html xmlns="http://www.w3.org/1999/xhtml" xml:lang="en" lang="en">
 <head>
  <title>
</title>
<meta http-equiv="Content-Type" content="text/html;charset=utf-8" />
  <meta name='ocr-system' content='tesseract 3.04.00' />
  <meta name='ocr-capabilities' content='ocr_page ocr_carea ocr_par ocr_line ocrx_word'/>
</head>
<body>
  <div class='ocr_page' id='page_1' title='image "./supplementatabu00lambgoog_0025.png"; bbox 0 0 3617 4909; ppageno 0'>
   <div class='ocr_carea' id='block_1_1' title="bbox 348 423 1606 702">
    <p class='ocr_par' dir='ltr' id='par_1_1' title="bbox 348 423 1606 702">
     <span class='ocr_line' id='line_1_1' title="bbox 375 423 1235 504; baseline -0.006 -1"><span class='ocrx_word' id='word_1_1' title='bbox 375 442 444 504; x_wconf 69' lang='lat' dir='ltr'>xm</span> <span class='ocrx_word' id='word_1_2' title='bbox 713 423 1235 499; x_wconf 76' lang='lat' dir='ltr'>Issaosstnsa</span> 
     </span>
     <span class='ocr_line' id='line_1_2' title="bbox 348 543 1606 702; baseline -0.003 -83"><span class='ocrx_word' id='word_1_3' title='bbox 348 550 545 702; x_wconf 46' lang='lat' dir='ltr'>faritbrros,</span> <span class='ocrx_word' id='word_1_4' title='bbox 572 546 719 617; x_wconf 76' lang='lat' dir='ltr'><em>Rationes</em></span> <span class='ocrx_word' id='word_1_5' title='bbox 745 546 1045 637; x_wconf 82' lang='lat' dir='ltr'>Trigonometrieas,</span> <span class='ocrx_word' id='word_1_6' title='bbox 1073 543 1483 631; x_wconf 64' lang='lat' dir='ltr'>Rememoramini»,</span> <span class='ocrx_word' id='word_1_7' title='bbox 1507 545 1606 635; x_wconf 65' lang='lat' dir='ltr'>tofis·</span> 
     </span>
    </p>
   </div>
   <div class='ocr_carea' id='block_1_2' title="bbox 252 632 1616 3905">
    <p class='ocr_par' dir='ltr' id='par_1_2' title="bbox 252 632 1616 3905">
     <span class='ocr_line' id='line_1_3' title="bbox 362 632 1616 725; baseline -0.002 -20"><span class='ocrx_word' id='word_1_8' title='bbox 362 638 481 705; x_wconf 83' lang='lat' dir='ltr'>rationes</span> <span class='ocrx_word' id='word_1_9' title='bbox 500 635 751 725; x_wconf 85' lang='lat' dir='ltr'>AEquationutrr,</span> <span class='ocrx_word' id='word_1_10' title='bbox 780 634 929 701; x_wconf 77' lang='lat' dir='ltr'><em>Rationes</em></span> <span class='ocrx_word' id='word_1_11' title='bbox 955 634 1106 701; x_wconf 80' lang='lat' dir='ltr'>Serierrtrrr</span> <span class='ocrx_word' id='word_1_12' title='bbox 1131 633 1355 721; x_wconf 74' lang='lat' dir='ltr'>infinitarum,</span> <span class='ocrx_word' id='word_1_13' title='bbox 1381 632 1616 725; x_wconf 45' lang='lat' dir='ltr'>Interpolatiobae.</span> 
     </span>
     <span class='ocr_line' id='line_1_4' title="bbox 350 718 1614 813; baseline -0.003 -22"><span class='ocrx_word' id='word_1_14' title='bbox 350 744 424 804; x_wconf 84' lang='lat' dir='ltr'>tres,</span> <span class='ocrx_word' id='word_1_15' title='bbox 448 722 714 813; x_wconf 77' lang='lat' dir='ltr'>computationem</span> <span class='ocrx_word' id='word_1_16' title='bbox 738 718 872 788; x_wconf 79' lang='lat' dir='ltr'>aliamne</span> <span class='ocrx_word' id='word_1_17' title='bbox 895 718 1089 787; x_wconf 77' lang='lat' dir='ltr'><em>Tabularum</em></span> <span class='ocrx_word' id='word_1_18' title='bbox 1115 726 1177 788; x_wconf 73' lang='grc' dir='ltr'>διε.</span> <span class='ocrx_word' id='word_1_19' title='bbox 1193 740 1290 810; x_wconf 89' lang='lat' dir='ltr'>atque</span> <span class='ocrx_word' id='word_1_20' title='bbox 1315 719 1391 787; x_wconf 86' lang='lat' dir='ltr'>ideo</span> <span class='ocrx_word' id='word_1_21' title='bbox 1412 724 1490 788; x_wconf 88' lang='lat' dir='ltr'>talia</span> <span class='ocrx_word' id='word_1_22' title='bbox 1510 720 1614 808; x_wconf 87' lang='lat' dir='ltr'>obje··</span> 
     </span>
     <span class='ocr_line' id='line_1_5' title="bbox 349 803 1603 897; baseline -0.004 -21"><span class='ocrx_word' id='word_1_23' title='bbox 349 806 401 876; x_wconf 78' lang='lat' dir='ltr'>dia</span> <span class='ocrx_word' id='word_1_24' title='bbox 415 856 426 890; x_wconf 92' lang='lat'>,</span> <span class='ocrx_word' id='word_1_25' title='bbox 441 828 513 897; x_wconf 73' lang='lat' dir='ltr'>quat</span> <span class='ocrx_word' id='word_1_26' title='bbox 534 807 730 879; x_wconf 81' lang='lat' dir='ltr'>versantibus</span> <span class='ocrx_word' id='word_1_27' title='bbox 757 812 790 874; x_wconf 88' lang='lat' dir='ltr'>in</span> <span class='ocrx_word' id='word_1_28' title='bbox 814 806 953 874; x_wconf 82' lang='lat' dir='ltr'>scientiis</span> <span class='ocrx_word' id='word_1_29' title='bbox 968 808 1205 875; x_wconf 78' lang='lat' dir='ltr'>mathematicis</span> <span class='ocrx_word' id='word_1_30' title='bbox 1227 828 1323 897; x_wconf 89' lang='lat' dir='ltr'>quam</span> <span class='ocrx_word' id='word_1_31' title='bbox 1348 803 1603 897; x_wconf 77' lang='lat' dir='ltr'>frequentissime</span> 
     </span>
     <span class='ocr_line' id='line_1_6' title="bbox 349 914 1615 962; baseline -0.006 0"><span class='ocrx_word' id='word_1_32' title='bbox 349 914 531 962; x_wconf 85' lang='lat' dir='ltr'>occurrunt.</span> <span class='ocrx_word' id='word_1_33' title='bbox 802 919 808 933; x_wconf 89' lang='lat'><strong>·</strong></span> <span class='ocrx_word' id='word_1_34' title='bbox 1336 925 1340 931; x_wconf 89' lang='lat'><strong>·</strong></span> <span class='ocrx_word' id='word_1_35' title='bbox 1610 942 1615 954; x_wconf 84' lang='lat'>‚</span> 
     </span>
     <span class='ocr_line' id='line_1_7' title="bbox 416 973 1601 1067; baseline 0 -22"><span class='ocrx_word' id='word_1_36' title='bbox 416 981 578 1049; x_wconf 84' lang='lat' dir='ltr'>Annotavi</span> <span class='ocrx_word' id='word_1_37' title='bbox 604 978 669 1067; x_wconf 83' lang='lat' dir='ltr'>jam</span> <span class='ocrx_word' id='word_1_38' title='bbox 683 979 780 1047; x_wconf 89' lang='lat' dir='ltr'>Tom.</span> <span class='ocrx_word' id='word_1_39' title='bbox 806 980 852 1047; x_wconf 89' lang='lat'>11.</span> <span class='ocrx_word' id='word_1_40' title='bbox 869 978 1163 1046; x_wconf 81' lang='lat' dir='ltr'>Additameneorrtnt</span> <span class='ocrx_word' id='word_1_41' title='bbox 1186 980 1224 1051; x_wconf 87' lang='lat' dir='ltr'>ad</span> <span class='ocrx_word' id='word_1_42' title='bbox 1240 976 1415 1049; x_wconf 82' lang='lat' dir='ltr'>Mathesrm</span> <span class='ocrx_word' id='word_1_43' title='bbox 1430 1028 1440 1060; x_wconf 94' lang='lat'>‚</span> <span class='ocrx_word' id='word_1_44' title='bbox 1455 973 1601 1048; x_wconf 81' lang='lat' dir='ltr'>Tabulas</span> 
     </span>
     <span class='ocr_line' id='line_1_8' title="bbox 345 1065 1614 1155; baseline 0.002 -24"><span class='ocrx_word' id='word_1_45' title='bbox 345 1066 531 1135; x_wconf 88' lang='lat' dir='ltr'>Divisorum</span> <span class='ocrx_word' id='word_1_46' title='bbox 561 1065 670 1135; x_wconf 85' lang='lat' dir='ltr'>iterum</span> <span class='ocrx_word' id='word_1_47' title='bbox 698 1066 862 1155; x_wconf 79' lang='lat' dir='ltr'>iterumque</span> <span class='ocrx_word' id='word_1_48' title='bbox 887 1066 927 1131; x_wconf 87' lang='lat' dir='ltr'>de</span> <span class='ocrx_word' id='word_1_49' title='bbox 951 1084 1032 1133; x_wconf 84' lang='lat' dir='ltr'>nevo</span> <span class='ocrx_word' id='word_1_50' title='bbox 1054 1082 1257 1154; x_wconf 79' lang='lat' dir='ltr'>computatas.</span> <span class='ocrx_word' id='word_1_51' title='bbox 1284 1068 1355 1133; x_wconf 87' lang='lat' dir='ltr'>Hoc</span> <span class='ocrx_word' id='word_1_52' title='bbox 1379 1065 1614 1133; x_wconf 72' lang='lat' dir='ltr'>verosimiliter·</span> 
     </span>
     <span class='ocr_line' id='line_1_9' title="bbox 345 1150 1601 1241; baseline 0 -23"><span class='ocrx_word' id='word_1_53' title='bbox 345 1174 440 1239; x_wconf 84' lang='lat' dir='ltr'>porro</span> <span class='ocrx_word' id='word_1_54' title='bbox 466 1153 638 1219; x_wconf 61' lang='lat' dir='ltr'>succedet„</span> <span class='ocrx_word' id='word_1_55' title='bbox 664 1151 815 1239; x_wconf 79' lang='lat' dir='ltr'>Quilibet</span> <span class='ocrx_word' id='word_1_56' title='bbox 839 1157 929 1218; x_wconf 86' lang='lat' dir='ltr'>enim</span> <span class='ocrx_word' id='word_1_57' title='bbox 951 1150 1049 1217; x_wconf 84' lang='lat' dir='ltr'>sentit</span> <span class='ocrx_word' id='word_1_58' title='bbox 1070 1152 1291 1219; x_wconf 86' lang='lat' dir='ltr'>necessitatem</span> <span class='ocrx_word' id='word_1_59' title='bbox 1317 1150 1493 1241; x_wconf 72' lang='lat' dir='ltr'>possidendi</span> <span class='ocrx_word' id='word_1_60' title='bbox 1515 1158 1601 1219; x_wconf 84' lang='lat' dir='ltr'>talea</span> 
     </span>
     <span class='ocr_line' id='line_1_10' title="bbox 346 1236 1599 1328; baseline 0.001 -24"><span class='ocrx_word' id='word_1_61' title='bbox 346 1240 489 1305; x_wconf 86' lang='lat' dir='ltr'>Tabulas</span> <span class='ocrx_word' id='word_1_62' title='bbox 502 1265 513 1316; x_wconf 77' lang='lat'>5</span> <span class='ocrx_word' id='word_1_63' title='bbox 539 1258 572 1304; x_wconf 89' lang='lat' dir='ltr'>et</span> <span class='ocrx_word' id='word_1_64' title='bbox 585 1237 758 1328; x_wconf 81' lang='lat' dir='ltr'>paucissimi</span> <span class='ocrx_word' id='word_1_65' title='bbox 784 1238 913 1319; x_wconf 88' lang='lat' dir='ltr'>sciunt,</span> <span class='ocrx_word' id='word_1_66' title='bbox 940 1259 995 1302; x_wconf 88' lang='lat' dir='ltr'>eas</span> <span class='ocrx_word' id='word_1_67' title='bbox 1006 1237 1076 1325; x_wconf 81' lang='lat' dir='ltr'>jam</span> <span class='ocrx_word' id='word_1_68' title='bbox 1090 1236 1205 1328; x_wconf 80' lang='lat' dir='ltr'>saepius</span> <span class='ocrx_word' id='word_1_69' title='bbox 1223 1240 1331 1328; x_wconf 86' lang='lat' dir='ltr'>Typis</span> <span class='ocrx_word' id='word_1_70' title='bbox 1351 1242 1500 1325; x_wconf 80' lang='lat' dir='ltr'>vulgatas</span> <span class='ocrx_word' id='word_1_71' title='bbox 1522 1237 1599 1305; x_wconf 81' lang='lat' dir='ltr'>esse.</span> 
     </span>
     <span class='ocr_line' id='line_1_11' title="bbox 346 1319 1605 1422; baseline 0 -31"><span class='ocrx_word' id='word_1_72' title='bbox 346 1324 425 1391; x_wconf 88' lang='lat' dir='ltr'>Non</span> <span class='ocrx_word' id='word_1_73' title='bbox 448 1328 582 1391; x_wconf 89' lang='lat' dir='ltr'>omnino</span> <span class='ocrx_word' id='word_1_74' title='bbox 608 1344 825 1413; x_wconf 72' lang='lat' dir='ltr'>quaeruntur,</span> <span class='ocrx_word' id='word_1_75' title='bbox 851 1321 910 1391; x_wconf 85' lang='lat' dir='ltr'>nist</span> <span class='ocrx_word' id='word_1_76' title='bbox 933 1322 1001 1411; x_wconf 84' lang='lat' dir='ltr'>jam</span> <span class='ocrx_word' id='word_1_77' title='bbox 1027 1322 1168 1406; x_wconf 86' lang='lat' dir='ltr'>sciatur,</span> <span class='ocrx_word' id='word_1_78' title='bbox 1207 1332 1239 1393; x_wconf 86' lang='lat' dir='ltr'>in</span> <span class='ocrx_word' id='word_1_79' title='bbox 1261 1323 1399 1422; x_wconf 78' lang='lat' dir='ltr'>Aigeira</span> <span class='ocrx_word' id='word_1_80' title='bbox 1424 1319 1540 1405; x_wconf 80' lang='lat' dir='ltr'>Pallii,</span> <span class='ocrx_word' id='word_1_81' title='bbox 1569 1329 1605 1391; x_wconf 88' lang='lat' dir='ltr'>irt</span> 
     </span>
     <span class='ocr_line' id='line_1_12' title="bbox 345 1407 1601 1563; baseline 0 -87"><span class='ocrx_word' id='word_1_82' title='bbox 345 1409 553 1477; x_wconf 84' lang='lat' dir='ltr'>Arithmetica</span> <span class='ocrx_word' id='word_1_83' title='bbox 578 1409 680 1477; x_wconf 71' lang='lat' dir='ltr'>Pestis</span> <span class='ocrx_word' id='word_1_84' title='bbox 707 1432 781 1479; x_wconf 85' lang='lat' dir='ltr'>cuns</span> <span class='ocrx_word' id='word_1_85' title='bbox 810 1412 851 1476; x_wconf 84' lang='lat' dir='ltr'>Al</span> <span class='ocrx_word' id='word_1_86' title='bbox 877 1410 954 1476; x_wconf 86' lang='lat' dir='ltr'>ebra</span> <span class='ocrx_word' id='word_1_87' title='bbox 980 1412 1153 1497; x_wconf 77' lang='lat' dir='ltr'>parabola,</span> <span class='ocrx_word' id='word_1_88' title='bbox 1181 1415 1213 1477; x_wconf 90' lang='lat' dir='ltr'>in</span> <span class='ocrx_word' id='word_1_89' title='bbox 1241 1412 1349 1477; x_wconf 83' lang='lat' dir='ltr'>Lextco</span> <span class='ocrx_word' id='word_1_90' title='bbox 1370 1407 1516 1563; x_wconf 44' lang='lat' dir='ltr'>-Harrisi</span> <span class='ocrx_word' id='word_1_91' title='bbox 1530 1458 1542 1493; x_wconf 96' lang='lat'>,</span> <span class='ocrx_word' id='word_1_92' title='bbox 1569 1416 1601 1477; x_wconf 92' lang='lat' dir='ltr'>in</span> 
     </span>
     <span class='ocr_line' id='line_1_13' title="bbox 345 1430 1603 1649; baseline -0.002 -85"><span class='ocrx_word' id='word_1_93' title='bbox 345 1496 545 1564; x_wconf 79' lang='lat' dir='ltr'>Dilliorrario</span> <span class='ocrx_word' id='word_1_94' title='bbox 572 1498 626 1562; x_wconf 86' lang='lat' dir='ltr'>En</span> <span class='ocrx_word' id='word_1_95' title='bbox 660 1496 818 1649; x_wconf 57' lang='lat' dir='ltr'>clofediee.</span> <span class='ocrx_word' id='word_1_96' title='bbox 854 1430 898 1562; x_wconf 59' lang='lat' dir='ltr'>{t</span> <span class='ocrx_word' id='word_1_97' title='bbox 925 1500 1112 1562; x_wconf 88' lang='lat' dir='ltr'>intantum</span> <span class='ocrx_word' id='word_1_98' title='bbox 1139 1496 1276 1583; x_wconf 82' lang='lat' dir='ltr'>Arrjema</span> <span class='ocrx_word' id='word_1_99' title='bbox 1309 1502 1466 1563; x_wconf 79' lang='lat' dir='ltr'>unicust</span> <span class='ocrx_word' id='word_1_100' title='bbox 1511 1500 1603 1587; x_wconf 87' lang='lat' dir='ltr'>,qui</span> 
     </span>
     <span class='ocr_line' id='line_1_14' title="bbox 346 1581 1604 1651; baseline -0.001 -3"><span class='ocrx_word' id='word_1_101' title='bbox 346 1586 428 1649; x_wconf 88' lang='lat' dir='ltr'>tales</span> <span class='ocrx_word' id='word_1_102' title='bbox 462 1582 605 1649; x_wconf 85' lang='lat' dir='ltr'>Tabulas</span> <span class='ocrx_word' id='word_1_103' title='bbox 646 1602 760 1650; x_wconf 87' lang='lat' dir='ltr'>eottm</span> <span class='ocrx_word' id='word_1_104' title='bbox 786 1581 896 1649; x_wconf 86' lang='lat' dir='ltr'>edidit.</span> <span class='ocrx_word' id='word_1_105' title='bbox 930 1581 1060 1647; x_wconf 82' lang='lat' dir='ltr'>interea</span> <span class='ocrx_word' id='word_1_106' title='bbox 1094 1588 1250 1649; x_wconf 87' lang='lat' dir='ltr'>tationem</span> <span class='ocrx_word' id='word_1_107' title='bbox 1277 1582 1383 1650; x_wconf 88' lang='lat' dir='ltr'>habeo</span> <span class='ocrx_word' id='word_1_108' title='bbox 1414 1583 1604 1651; x_wconf 83' lang='lat' dir='ltr'>existiman·</span> 
     </span>
     <span class='ocr_line' id='line_1_15' title="bbox 345 1663 1605 1759; baseline -0.002 -24"><span class='ocrx_word' id='word_1_109' title='bbox 345 1668 406 1749; x_wconf 90' lang='lat' dir='ltr'>di,</span> <span class='ocrx_word' id='word_1_110' title='bbox 434 1670 577 1749; x_wconf 88' lang='lat' dir='ltr'>multos,</span> <span class='ocrx_word' id='word_1_111' title='bbox 605 1672 658 1759; x_wconf 91' lang='lat' dir='ltr'>qui</span> <span class='ocrx_word' id='word_1_112' title='bbox 683 1689 832 1736; x_wconf 87' lang='lat' dir='ltr'>emerunt</span> <span class='ocrx_word' id='word_1_113' title='bbox 860 1665 1030 1754; x_wconf 82' lang='lat' dir='ltr'>Algebram</span> <span class='ocrx_word' id='word_1_114' title='bbox 1057 1663 1148 1733; x_wconf 75' lang='lat' dir='ltr'>Pallii</span> <span class='ocrx_word' id='word_1_115' title='bbox 1171 1689 1224 1735; x_wconf 91' lang='lat' dir='ltr'>aut</span> <span class='ocrx_word' id='word_1_116' title='bbox 1244 1668 1384 1750; x_wconf 67' lang='lat' dir='ltr'>Pestis,</span> <span class='ocrx_word' id='word_1_117' title='bbox 1411 1684 1482 1734; x_wconf 88' lang='lat' dir='ltr'>eam</span> <span class='ocrx_word' id='word_1_118' title='bbox 1505 1666 1605 1734; x_wconf 86' lang='lat' dir='ltr'>emis·</span> 
     </span>
     <span class='ocr_line' id='line_1_16' title="bbox 343 1748 1603 1904; baseline 0.002 -85"><span class='ocrx_word' id='word_1_119' title='bbox 343 1752 380 1819; x_wconf 89' lang='lat' dir='ltr'>se</span> <span class='ocrx_word' id='word_1_120' title='bbox 403 1754 447 1820; x_wconf 92' lang='lat' dir='ltr'>ob</span> <span class='ocrx_word' id='word_1_121' title='bbox 473 1754 617 1821; x_wconf 82' lang='lat' dir='ltr'>Tabulas</span> <span class='ocrx_word' id='word_1_122' title='bbox 651 1776 822 1832; x_wconf 82' lang='lat' dir='ltr'>annexas3</span> <span class='ocrx_word' id='word_1_123' title='bbox 849 1752 984 1904; x_wconf 60' lang='lat' dir='ltr'>sumgtis</span> <span class='ocrx_word' id='word_1_124' title='bbox 1014 1748 1120 1817; x_wconf 81' lang='lat' dir='ltr'>forsan</span> <span class='ocrx_word' id='word_1_125' title='bbox 1147 1752 1223 1819; x_wconf 87' lang='lat' dir='ltr'>solis</span> <span class='ocrx_word' id='word_1_126' title='bbox 1255 1753 1413 1835; x_wconf 80' lang='lat' dir='ltr'>Tabulis,</span> <span class='ocrx_word' id='word_1_127' title='bbox 1441 1752 1603 1842; x_wconf 72' lang='lat' dir='ltr'>¹ttcgledio</span> 
     </span>
     <span class='ocr_line' id='line_1_17' title="bbox 341 1836 1603 1929; baseline 0.001 -23"><span class='ocrx_word' id='word_1_128' title='bbox 341 1836 498 1906; x_wconf 75' lang='lat' dir='ltr'>Trasiatu</span> <span class='ocrx_word' id='word_1_129' title='bbox 527 1840 714 1929; x_wconf 82' lang='lat' dir='ltr'>Algebrico.</span> <span class='ocrx_word' id='word_1_130' title='bbox 751 1843 824 1907; x_wconf 88' lang='lat' dir='ltr'>Hoc</span> <span class='ocrx_word' id='word_1_131' title='bbox 850 1844 913 1906; x_wconf 88' lang='lat' dir='ltr'>acci</span> <span class='ocrx_word' id='word_1_132' title='bbox 940 1837 993 1905; x_wconf 84' lang='lat' dir='ltr'>isse</span> <span class='ocrx_word' id='word_1_133' title='bbox 1018 1861 1092 1903; x_wconf 89' lang='lat' dir='ltr'>cum</span> <span class='ocrx_word' id='word_1_134' title='bbox 1120 1840 1371 1927; x_wconf 82' lang='lat' dir='ltr'>cogitationibus</span> <span class='ocrx_word' id='word_1_135' title='bbox 1394 1839 1530 1927; x_wconf 80' lang='lat' dir='ltr'>Kerigeri</span> <span class='ocrx_word' id='word_1_136' title='bbox 1556 1860 1603 1907; x_wconf 72' lang='lat' dir='ltr'>es:</span> 
     </span>
     <span class='ocr_line' id='line_1_18' title="bbox 342 1923 1604 2017; baseline -0.001 -25"><span class='ocrx_word' id='word_1_137' title='bbox 342 1925 488 2017; x_wconf 84' lang='lat' dir='ltr'>pluribus</span> <span class='ocrx_word' id='word_1_138' title='bbox 515 1932 677 2016; x_wconf 84' lang='lat' dir='ltr'>exemplis</span> <span class='ocrx_word' id='word_1_139' title='bbox 715 1926 826 1993; x_wconf 90' lang='lat' dir='ltr'>tescio.</span> <span class='ocrx_word' id='word_1_140' title='bbox 861 1923 988 1993; x_wconf 80' lang='lat' dir='ltr'>Diversi</span> <span class='ocrx_word' id='word_1_141' title='bbox 1014 1923 1267 2006; x_wconf 83' lang='lat' dir='ltr'>Mathematici,</span> <span class='ocrx_word' id='word_1_142' title='bbox 1293 1928 1408 2014; x_wconf 86' lang='lat' dir='ltr'>quibus</span> <span class='ocrx_word' id='word_1_143' title='bbox 1438 1926 1604 2014; x_wconf 80' lang='lat' dir='ltr'>Kttigetus</span> 
     </span>
     <span class='ocr_line' id='line_1_19' title="bbox 342 2010 1604 2100; baseline -0.002 -22"><span class='ocrx_word' id='word_1_144' title='bbox 342 2019 401 2078; x_wconf 84' lang='lat' dir='ltr'>vix</span> <span class='ocrx_word' id='word_1_145' title='bbox 429 2012 551 2100; x_wconf 87' lang='lat' dir='ltr'>aliquid</span> <span class='ocrx_word' id='word_1_146' title='bbox 582 2018 659 2081; x_wconf 91' lang='lat' dir='ltr'>novi</span> <span class='ocrx_word' id='word_1_147' title='bbox 682 2012 787 2079; x_wconf 83' lang='lat' dir='ltr'>dicere</span> <span class='ocrx_word' id='word_1_148' title='bbox 812 2032 938 2099; x_wconf 82' lang='lat' dir='ltr'>poterat</span> <span class='ocrx_word' id='word_1_149' title='bbox 963 2010 1005 2076; x_wconf 90' lang='lat' dir='ltr'>de</span> <span class='ocrx_word' id='word_1_150' title='bbox 1035 2011 1176 2098; x_wconf 78' lang='lat' dir='ltr'>Algebm</span> <span class='ocrx_word' id='word_1_151' title='bbox 1202 2060 1213 2091; x_wconf 92' lang='lat'>,</span> <span class='ocrx_word' id='word_1_152' title='bbox 1249 2010 1409 2097; x_wconf 65' lang='lat' dir='ltr'>neglesiis</span> <span class='ocrx_word' id='word_1_153' title='bbox 1432 2017 1604 2099; x_wconf 77' lang='lat' dir='ltr'>cogitatio·</span> 
     </span>
     <span class='ocr_line' id='line_1_20' title="bbox 345 2095 1604 2184; baseline -0.001 -21"><span class='ocrx_word' id='word_1_154' title='bbox 345 2098 439 2163; x_wconf 84' lang='lat' dir='ltr'>nibus</span> <span class='ocrx_word' id='word_1_155' title='bbox 468 2096 638 2164; x_wconf 85' lang='lat' dir='ltr'>servabant</span> <span class='ocrx_word' id='word_1_156' title='bbox 665 2097 769 2165; x_wconf 92' lang='lat' dir='ltr'>solum</span> <span class='ocrx_word' id='word_1_157' title='bbox 797 2115 934 2163; x_wconf 84' lang='lat' dir='ltr'>numeros</span> <span class='ocrx_word' id='word_1_158' title='bbox 955 2095 1078 2184; x_wconf 79' lang='lat' dir='ltr'>primos.</span> <span class='ocrx_word' id='word_1_159' title='bbox 1104 2097 1156 2163; x_wconf 88' lang='lat' dir='ltr'>Sic</span> <span class='ocrx_word' id='word_1_160' title='bbox 1178 2122 1208 2164; x_wconf 86' lang='lat' dir='ltr'>v.</span> <span class='ocrx_word' id='word_1_161' title='bbox 1227 2116 1258 2183; x_wconf 80' lang='lat' dir='ltr'>g.</span> <span class='ocrx_word' id='word_1_162' title='bbox 1281 2116 1338 2163; x_wconf 87' lang='lat' dir='ltr'>eos</span> <span class='ocrx_word' id='word_1_163' title='bbox 1364 2103 1472 2165; x_wconf 88' lang='lat' dir='ltr'>inveni</span> <span class='ocrx_word' id='word_1_164' title='bbox 1498 2100 1604 2183; x_wconf 79' lang='lat' dir='ltr'>Haga</span> 
     </span>
     <span class='ocr_line' id='line_1_21' title="bbox 347 2178 1604 2271; baseline 0.001 -23"><span class='ocrx_word' id='word_1_165' title='bbox 347 2186 381 2248; x_wconf 93' lang='lat' dir='ltr'>in</span> <span class='ocrx_word' id='word_1_166' title='bbox 411 2181 534 2249; x_wconf 85' lang='lat' dir='ltr'>celebri</span> <span class='ocrx_word' id='word_1_167' title='bbox 571 2186 751 2251; x_wconf 85' lang='lat' dir='ltr'>licitatione</span> <span class='ocrx_word' id='word_1_168' title='bbox 787 2182 827 2249; x_wconf 88' lang='lat' dir='ltr'>de</span> <span class='ocrx_word' id='word_1_169' title='bbox 862 2178 979 2267; x_wconf 78' lang='lat' dir='ltr'>Kdnig.</span> <span class='ocrx_word' id='word_1_170' title='bbox 1017 2183 1062 2247; x_wconf 85' lang='lat' dir='ltr'>Et</span> <span class='ocrx_word' id='word_1_171' title='bbox 1090 2187 1235 2271; x_wconf 86' lang='lat' dir='ltr'>quamvis</span> <span class='ocrx_word' id='word_1_172' title='bbox 1272 2203 1329 2251; x_wconf 87' lang='lat' dir='ltr'>eos</span> <span class='ocrx_word' id='word_1_173' title='bbox 1354 2184 1421 2271; x_wconf 85' lang='lat' dir='ltr'>jam</span> <span class='ocrx_word' id='word_1_174' title='bbox 1448 2182 1604 2249; x_wconf 84' lang='lat' dir='ltr'>habetem</span> 
     </span>
     <span class='ocr_line' id='line_1_22' title="bbox 348 2265 1603 2358; baseline 0.001 -25"><span class='ocrx_word' id='word_1_175' title='bbox 348 2273 381 2335; x_wconf 87' lang='lat' dir='ltr'>in</span> <span class='ocrx_word' id='word_1_176' title='bbox 409 2265 549 2354; x_wconf 80' lang='lat' dir='ltr'>Krrigero</span> <span class='ocrx_word' id='word_1_177' title='bbox 574 2289 683 2338; x_wconf 77' lang='lat' dir='ltr'>tamen</span> <span class='ocrx_word' id='word_1_178' title='bbox 709 2272 891 2357; x_wconf 85' lang='lat' dir='ltr'>comparavi</span> <span class='ocrx_word' id='word_1_179' title='bbox 919 2266 1028 2333; x_wconf 89' lang='lat' dir='ltr'>denuo</span> <span class='ocrx_word' id='word_1_180' title='bbox 1050 2290 1125 2333; x_wconf 90' lang='lat' dir='ltr'>cum</span> <span class='ocrx_word' id='word_1_181' title='bbox 1148 2266 1284 2335; x_wconf 83' lang='lat' dir='ltr'>Tabulis</span> <span class='ocrx_word' id='word_1_182' title='bbox 1312 2288 1500 2337; x_wconf 83' lang='lat' dir='ltr'>numeroram</span> <span class='ocrx_word' id='word_1_183' title='bbox 1525 2287 1603 2358; x_wconf 79' lang='lat' dir='ltr'>qua·</span> 
     </span>
     <span class='ocr_line' id='line_1_23' title="bbox 347 2350 1574 2435; baseline -0.003 -14"><span class='ocrx_word' id='word_1_184' title='bbox 347 2352 510 2421; x_wconf 80' lang='lat' dir='ltr'>aratorem</span> <span class='ocrx_word' id='word_1_185' title='bbox 538 2375 571 2420; x_wconf 89' lang='lat' dir='ltr'>et</span> <span class='ocrx_word' id='word_1_186' title='bbox 596 2354 762 2424; x_wconf 76' lang='lat' dir='ltr'>cubitorum</span> <span class='ocrx_word' id='word_1_187' title='bbox 788 2350 991 2421; x_wconf 60' lang='lat' dir='ltr'>Batinetis</span> <span class='ocrx_word' id='word_1_188' title='bbox 1242 2412 1247 2427; x_wconf 86' lang='grc'>,</span> <span class='ocrx_word' id='word_1_189' title='bbox 1567 2427 1574 2435; x_wconf 87' lang='lat'><em>.</em></span> 
     </span>
     <span class='ocr_line' id='line_1_24' title="bbox 430 2438 1603 2533; baseline 0.003 -29"><span class='ocrx_word' id='word_1_190' title='bbox 430 2438 512 2505; x_wconf 86' lang='lat' dir='ltr'>Dixi</span> <span class='ocrx_word' id='word_1_191' title='bbox 537 2445 633 2529; x_wconf 87' lang='lat' dir='ltr'>paulo</span> <span class='ocrx_word' id='word_1_192' title='bbox 656 2463 731 2508; x_wconf 86' lang='lat' dir='ltr'>ante</span> <span class='ocrx_word' id='word_1_193' title='bbox 756 2490 767 2523; x_wconf 93' lang='lat'>,</span> <span class='ocrx_word' id='word_1_194' title='bbox 803 2438 896 2521; x_wconf 87' lang='lat' dir='ltr'>sote,</span> <span class='ocrx_word' id='word_1_195' title='bbox 921 2459 957 2504; x_wconf 91' lang='lat' dir='ltr'>ut</span> <span class='ocrx_word' id='word_1_196' title='bbox 982 2440 1063 2505; x_wconf 86' lang='lat' dir='ltr'>tales</span> <span class='ocrx_word' id='word_1_197' title='bbox 1091 2438 1330 2529; x_wconf 57' lang='lat' dir='ltr'>tabulae‘potto</span> <span class='ocrx_word' id='word_1_198' title='bbox 1354 2462 1603 2533; x_wconf 60' lang='lat' dir='ltr'>computantem</span> 
     </span>
     <span class='ocr_line' id='line_1_25' title="bbox 342 2524 1609 2610; baseline 0 -17"><span class='ocrx_word' id='word_1_199' title='bbox 342 2544 377 2593; x_wconf 85' lang='lat' dir='ltr'>et</span> <span class='ocrx_word' id='word_1_200' title='bbox 404 2524 466 2591; x_wconf 89' lang='lat' dir='ltr'>hoc</span> <span class='ocrx_word' id='word_1_201' title='bbox 491 2546 580 2593; x_wconf 91' lang='lat' dir='ltr'>certo</span> <span class='ocrx_word' id='word_1_202' title='bbox 608 2527 692 2610; x_wconf 82' lang='lat' dir='ltr'>fiet,</span> <span class='ocrx_word' id='word_1_203' title='bbox 717 2526 774 2593; x_wconf 91' lang='lat' dir='ltr'>nisr</span> <span class='ocrx_word' id='word_1_204' title='bbox 794 2548 869 2594; x_wconf 86' lang='lat' dir='ltr'>tam</span> <span class='ocrx_word' id='word_1_205' title='bbox 890 2546 1078 2601; x_wconf 89' lang='lat' dir='ltr'>communes</span> <span class='ocrx_word' id='word_1_206' title='bbox 1103 2526 1276 2593; x_wconf 86' lang='lat' dir='ltr'>reddantur</span> <span class='ocrx_word' id='word_1_207' title='bbox 1290 2575 1301 2609; x_wconf 91' lang='lat'>,</span> <span class='ocrx_word' id='word_1_208' title='bbox 1316 2550 1352 2594; x_wconf 88' lang='grc' dir='ltr'>ιιι</span> <span class='ocrx_word' id='word_1_209' title='bbox 1366 2528 1515 2595; x_wconf 83' lang='lat' dir='ltr'>Tabulae.</span> <span class='ocrx_word' id='word_1_210' title='bbox 1542 2528 1609 2595; x_wconf 78' lang='lat' dir='ltr'>Lo·</span> 
     </span>
     <span class='ocr_line' id='line_1_26' title="bbox 252 2610 1604 2701; baseline 0.002 -25"><span class='ocrx_word' id='word_1_211' title='bbox 252 2618 254 2624; x_wconf 86' lang='lat'>&#39;</span> <span class='ocrx_word' id='word_1_212' title='bbox 341 2612 597 2700; x_wconf 82' lang='lat' dir='ltr'>garithmotum,</span> <span class='ocrx_word' id='word_1_213' title='bbox 630 2636 664 2681; x_wconf 89' lang='lat' dir='ltr'>et</span> <span class='ocrx_word' id='word_1_214' title='bbox 685 2614 987 2701; x_wconf 84' lang='lat' dir='ltr'>Trigonomctricae.</span> <span class='ocrx_word' id='word_1_215' title='bbox 1020 2610 1160 2679; x_wconf 85' lang='lat' dir='ltr'>Fortasse</span> <span class='ocrx_word' id='word_1_216' title='bbox 1183 2614 1372 2681; x_wconf 87' lang='lat' dir='ltr'>titulusbie</span> <span class='ocrx_word' id='word_1_217' title='bbox 1397 2611 1604 2683; x_wconf 66' lang='lat' dir='ltr'>arethusam</span> 
     </span>
     <span class='ocr_line' id='line_1_27' title="bbox 342 2694 1606 2790; baseline 0 -27"><span class='ocrx_word' id='word_1_218' title='bbox 342 2697 418 2787; x_wconf 90' lang='lat' dir='ltr'>quid</span> <span class='ocrx_word' id='word_1_219' title='bbox 443 2694 795 2790; x_wconf 71' lang='lat' dir='ltr'>contribuerepote&#39;rit.</span> <span class='ocrx_word' id='word_1_220' title='bbox 821 2700 947 2765; x_wconf 86' lang='lat' dir='ltr'>Saltem</span> <span class='ocrx_word' id='word_1_221' title='bbox 970 2699 1046 2776; x_wconf 92' lang='lat' dir='ltr'>illi,</span> <span class='ocrx_word' id='word_1_222' title='bbox 1073 2701 1127 2787; x_wconf 86' lang='lat' dir='ltr'>qui</span> <span class='ocrx_word' id='word_1_223' title='bbox 1155 2696 1262 2767; x_wconf 84' lang='lat' dir='ltr'>Viacee&#39;</span> <span class='ocrx_word' id='word_1_224' title='bbox 1278 2748 1290 2780; x_wconf 93' lang='lat'>,</span> <span class='ocrx_word' id='word_1_225' title='bbox 1306 2699 1431 2786; x_wconf 77' lang='lat' dir='ltr'>Wolfii,</span> <span class='ocrx_word' id='word_1_226' title='bbox 1460 2697 1606 2765; x_wconf 83' lang='lat' dir='ltr'>Sirerrini</span> 
     </span>
     <span class='ocr_line' id='line_1_28' title="bbox 340 2782 1605 2876; baseline 0.002 -27"><span class='ocrx_word' id='word_1_227' title='bbox 340 2804 376 2850; x_wconf 88' lang='lat' dir='ltr'>et</span> <span class='ocrx_word' id='word_1_228' title='bbox 390 2787 466 2849; x_wconf 88' lang='lat' dir='ltr'>alias</span> <span class='ocrx_word' id='word_1_229' title='bbox 481 2785 625 2867; x_wconf 80' lang='lat' dir='ltr'>Tabulas</span> <span class='ocrx_word' id='word_1_230' title='bbox 639 2784 797 2876; x_wconf 84' lang='lat' dir='ltr'>possident</span> <span class='ocrx_word' id='word_1_231' title='bbox 811 2830 822 2865; x_wconf 91' lang='lat'>,</span> <span class='ocrx_word' id='word_1_232' title='bbox 845 2782 921 2851; x_wconf 89' lang='lat' dir='ltr'>data</span> <span class='ocrx_word' id='word_1_233' title='bbox 944 2782 1111 2850; x_wconf 87' lang='lat' dir='ltr'>occasrone</span> <span class='ocrx_word' id='word_1_234' title='bbox 1125 2804 1292 2873; x_wconf 75' lang='lat' dir='ltr'>quaerent:</span> <span class='ocrx_word' id='word_1_235' title='bbox 1321 2785 1441 2873; x_wconf 87' lang='lat' dir='ltr'>Qualia</span> <span class='ocrx_word' id='word_1_236' title='bbox 1466 2787 1605 2873; x_wconf 82' lang='lat' dir='ltr'>Supple-</span> 
     </span>
     <span class='ocr_line' id='line_1_29' title="bbox 341 2865 1606 2957; baseline 0.001 -21"><span class='ocrx_word' id='word_1_237' title='bbox 341 2891 452 2936; x_wconf 86' lang='lat' dir='ltr'>menra</span> <span class='ocrx_word' id='word_1_238' title='bbox 480 2870 532 2936; x_wconf 83' lang='lat' dir='ltr'>hae</span> <span class='ocrx_word' id='word_1_239' title='bbox 554 2871 693 2939; x_wconf 80' lang='lat' dir='ltr'>Tabulae</span> <span class='ocrx_word' id='word_1_240' title='bbox 721 2870 841 2937; x_wconf 89' lang='lat' dir='ltr'>habete</span> <span class='ocrx_word' id='word_1_241' title='bbox 868 2865 1018 2957; x_wconf 73' lang='lat' dir='ltr'>possunt?</span> <span class='ocrx_word' id='word_1_242' title='bbox 1049 2868 1135 2938; x_wconf 87' lang='lat' dir='ltr'>Mihi</span> <span class='ocrx_word' id='word_1_243' title='bbox 1160 2868 1275 2938; x_wconf 79' lang='lat' dir='ltr'>saltem</span> <span class='ocrx_word' id='word_1_244' title='bbox 1302 2871 1370 2939; x_wconf 82' lang='lat' dir='ltr'>haec</span> <span class='ocrx_word' id='word_1_245' title='bbox 1395 2875 1606 2957; x_wconf 84' lang='lat' dir='ltr'>interrogatio</span> 
     </span>
     <span class='ocr_line' id='line_1_30' title="bbox 342 2952 1604 3047; baseline 0.002 -26"><span class='ocrx_word' id='word_1_246' title='bbox 342 2952 449 3021; x_wconf 85' lang='lat' dir='ltr'>statim</span> <span class='ocrx_word' id='word_1_247' title='bbox 476 2959 509 3021; x_wconf 83' lang='lat' dir='ltr'>ir&#39;t</span> <span class='ocrx_word' id='word_1_248' title='bbox 537 2978 683 3024; x_wconf 88' lang='lat' dir='ltr'>mentem</span> <span class='ocrx_word' id='word_1_249' title='bbox 711 2960 871 3025; x_wconf 86' lang='lat' dir='ltr'>veniret:</span> <span class='ocrx_word' id='word_1_250' title='bbox 901 2954 955 3019; x_wconf 84' lang='lat' dir='ltr'>An</span> <span class='ocrx_word' id='word_1_251' title='bbox 978 2975 1011 3021; x_wconf 90' lang='lat' dir='ltr'>et</span> <span class='ocrx_word' id='word_1_252' title='bbox 1038 2976 1103 3043; x_wconf 83' lang='lat' dir='ltr'>ego</span> <span class='ocrx_word' id='word_1_253' title='bbox 1128 2976 1293 3047; x_wconf 83' lang='lat' dir='ltr'>empturus</span> <span class='ocrx_word' id='word_1_254' title='bbox 1317 2957 1441 3024; x_wconf 74' lang='lat' dir='ltr'>essem?</span> <span class='ocrx_word' id='word_1_255' title='bbox 1478 2956 1604 3025; x_wconf 85' lang='lat' dir='ltr'>Eadem</span> 
     </span>
     <span class='ocr_line' id='line_1_31' title="bbox 341 3038 1604 3128; baseline 0.001 -23"><span class='ocrx_word' id='word_1_256' title='bbox 341 3044 492 3122; x_wconf 87' lang='lat' dir='ltr'>rarione,</span> <span class='ocrx_word' id='word_1_257' title='bbox 529 3063 566 3109; x_wconf 90' lang='lat' dir='ltr'>ut</span> <span class='ocrx_word' id='word_1_258' title='bbox 592 3043 670 3111; x_wconf 90' lang='lat' dir='ltr'>mihi</span> <span class='ocrx_word' id='word_1_259' title='bbox 698 3042 842 3113; x_wconf 87' lang='lat' dir='ltr'>Tabulas</span> <span class='ocrx_word' id='word_1_260' title='bbox 869 3038 982 3110; x_wconf 83' lang='lat' dir='ltr'>diversi</span> <span class='ocrx_word' id='word_1_261' title='bbox 1013 3046 1141 3128; x_wconf 85' lang='lat' dir='ltr'>generis</span> <span class='ocrx_word' id='word_1_262' title='bbox 1170 3042 1424 3127; x_wconf 79' lang='lat' dir='ltr'>Logatithmicas</span> <span class='ocrx_word' id='word_1_263' title='bbox 1450 3062 1485 3111; x_wconf 90' lang='lat' dir='ltr'>et</span> <span class='ocrx_word' id='word_1_264' title='bbox 1510 3044 1604 3107; x_wconf 88' lang='lat' dir='ltr'>Geo-</span> 
     </span>
     <span class='ocr_line' id='line_1_32' title="bbox 341 3127 1607 3219; baseline -0.002 -26"><span class='ocrx_word' id='word_1_265' title='bbox 341 3130 528 3209; x_wconf 87' lang='lat' dir='ltr'>metricas,</span> <span class='ocrx_word' id='word_1_266' title='bbox 557 3127 718 3219; x_wconf 64' lang='lat' dir='ltr'>[rudolphi</span> <span class='ocrx_word' id='word_1_267' title='bbox 746 3128 1120 3215; x_wconf 84' lang='lat' dir='ltr'>Tettagonomeeriam,</span> <span class='ocrx_word' id='word_1_268' title='bbox 1156 3128 1307 3195; x_wconf 72' lang='lat' dir='ltr'>Brscbneri</span> <span class='ocrx_word' id='word_1_269' title='bbox 1333 3138 1484 3196; x_wconf 86' lang='lat' dir='ltr'>numeros</span> <span class='ocrx_word' id='word_1_270' title='bbox 1512 3128 1607 3215; x_wconf 78' lang='lat' dir='ltr'>Qua·</span> 
     </span>
     <span class='ocr_line' id='line_1_33' title="bbox 342 3211 1605 3302; baseline -0.001 -23"><span class='ocrx_word' id='word_1_271' title='bbox 342 3211 451 3279; x_wconf 84' lang='lat' dir='ltr'>dratoa</span> <span class='ocrx_word' id='word_1_272' title='bbox 475 3234 512 3279; x_wconf 89' lang='lat' dir='ltr'>et</span> <span class='ocrx_word' id='word_1_273' title='bbox 530 3213 696 3297; x_wconf 87' lang='lat' dir='ltr'>Cubieos,</span> <span class='ocrx_word' id='word_1_274' title='bbox 717 3211 852 3300; x_wconf 81' lang='lat' dir='ltr'>Krr&#39;igere&#39;</span> <span class='ocrx_word' id='word_1_275' title='bbox 876 3213 960 3297; x_wconf 81' lang='lat' dir='ltr'>(vel</span> <span class='ocrx_word' id='word_1_276' title='bbox 977 3222 1081 3300; x_wconf 87' lang='lat' dir='ltr'>potius</span> <span class='ocrx_word' id='word_1_277' title='bbox 1106 3220 1238 3300; x_wconf 85' lang='lat' dir='ltr'>ingenui</span> <span class='ocrx_word' id='word_1_278' title='bbox 1262 3217 1352 3282; x_wconf 90' lang='lat' dir='ltr'>Petri</span> <span class='ocrx_word' id='word_1_279' title='bbox 1372 3212 1521 3302; x_wconf 76' lang='lat' dir='ltr'>Jageri)</span> <span class='ocrx_word' id='word_1_280' title='bbox 1543 3236 1605 3279; x_wconf 87' lang='lat' dir='ltr'>nu·</span> 
     </span>
     <span class='ocr_line' id='line_1_34' title="bbox 341 3298 1606 3389; baseline 0 -25"><span class='ocrx_word' id='word_1_281' title='bbox 341 3318 449 3364; x_wconf 86' lang='lat' dir='ltr'>meros</span> <span class='ocrx_word' id='word_1_282' title='bbox 476 3304 624 3389; x_wconf 83' lang='lat' dir='ltr'>primos,</span> <span class='ocrx_word' id='word_1_283' title='bbox 651 3322 686 3369; x_wconf 89' lang='lat' dir='ltr'>ct</span> <span class='ocrx_word' id='word_1_284' title='bbox 707 3298 953 3389; x_wconf 79' lang='lat' dir='ltr'>multitudinem</span> <span class='ocrx_word' id='word_1_285' title='bbox 971 3300 1178 3368; x_wconf 65' lang='lat' dir='ltr'>‘Tabularum</span> <span class='ocrx_word' id='word_1_286' title='bbox 1200 3300 1494 3377; x_wconf 84' lang='lat' dir='ltr'>Alltonomicarum</span> <span class='ocrx_word' id='word_1_287' title='bbox 1516 3321 1606 3365; x_wconf 87' lang='lat' dir='ltr'>eom·</span> 
     </span>
     <span class='ocr_line' id='line_1_35' title="bbox 285 3406 1208 3456; baseline 0.007 -6"><span class='ocrx_word' id='word_1_288' title='bbox 285 3431 287 3435; x_wconf 88' lang='lat'><em>-</em></span> <span class='ocrx_word' id='word_1_289' title='bbox 369 3406 466 3452; x_wconf 79' lang='lat' dir='ltr'>atavi.</span> <span class='ocrx_word' id='word_1_290' title='bbox 916 3412 918 3416; x_wconf 49' lang='lat'><em>⁷</em></span> <span class='ocrx_word' id='word_1_291' title='bbox 1202 3448 1208 3456; x_wconf 89' lang='lat'><em>.</em></span> 
     </span>
     <span class='ocr_line' id='line_1_36' title="bbox 272 3402 1601 3567; baseline -0.002 -29"><span class='ocrx_word' id='word_1_292' title='bbox 272 3522 274 3526; x_wconf 83' lang='lat'><em>-</em></span> <span class='ocrx_word' id='word_1_293' title='bbox 343 3402 367 3474; x_wconf 70' lang='lat' dir='ltr'>p</span> <span class='ocrx_word' id='word_1_294' title='bbox 431 3474 517 3541; x_wconf 89' lang='lat' dir='ltr'>Cum</span> <span class='ocrx_word' id='word_1_295' title='bbox 544 3476 670 3541; x_wconf 91' lang='lat' dir='ltr'>interea</span> <span class='ocrx_word' id='word_1_296' title='bbox 695 3475 892 3567; x_wconf 83' lang='lat' dir='ltr'>longinquus</span> <span class='ocrx_word' id='word_1_297' title='bbox 914 3472 1006 3541; x_wconf 88' lang='lat' dir='ltr'>labor</span> <span class='ocrx_word' id='word_1_298' title='bbox 1028 3471 1066 3539; x_wconf 81' lang='lat' dir='ltr'>fit</span> <span class='ocrx_word' id='word_1_299' title='bbox 1092 3520 1104 3555; x_wconf 93' lang='lat'>,</span> <span class='ocrx_word' id='word_1_300' title='bbox 1132 3472 1276 3541; x_wconf 84' lang='lat' dir='ltr'>Tabulas</span> <span class='ocrx_word' id='word_1_301' title='bbox 1301 3470 1490 3541; x_wconf 86' lang='lat' dir='ltr'>Divisorum</span> <span class='ocrx_word' id='word_1_302' title='bbox 1517 3470 1557 3537; x_wconf 91' lang='lat' dir='ltr'>ab</span> <span class='ocrx_word' id='word_1_303' title='bbox 1586 3490 1601 3535; x_wconf 87' lang='lat' dir='ltr'>r</span> 
     </span>
     <span class='ocr_line' id='line_1_37' title="bbox 266 3557 1605 3649; baseline 0.001 -28"><span class='ocrx_word' id='word_1_304' title='bbox 266 3595 268 3599; x_wconf 93' lang='lat'>·</span> <span class='ocrx_word' id='word_1_305' title='bbox 338 3563 442 3645; x_wconf 83' lang='lat' dir='ltr'>usquc</span> <span class='ocrx_word' id='word_1_306' title='bbox 471 3576 599 3626; x_wconf 86' lang='lat'>102000</span> <span class='ocrx_word' id='word_1_307' title='bbox 622 3562 729 3629; x_wconf 91' lang='lat' dir='ltr'>denuo</span> <span class='ocrx_word' id='word_1_308' title='bbox 752 3579 968 3649; x_wconf 86' lang='lat' dir='ltr'>computate,</span> <span class='ocrx_word' id='word_1_309' title='bbox 995 3564 1151 3648; x_wconf 88' lang='lat' dir='ltr'>requiram</span> <span class='ocrx_word' id='word_1_310' title='bbox 1168 3561 1327 3627; x_wconf 85' lang='lat' dir='ltr'>Dominus</span> <span class='ocrx_word' id='word_1_311' title='bbox 1351 3557 1552 3634; x_wconf 83' lang='lat' dir='ltr'>Journalistas</span> <span class='ocrx_word' id='word_1_312' title='bbox 1569 3578 1605 3623; x_wconf 90' lang='lat' dir='ltr'>et</span> 
     </span>
     <span class='ocr_line' id='line_1_38' title="bbox 339 3642 1606 3737; baseline 0.002 -32"><span class='ocrx_word' id='word_1_313' title='bbox 339 3644 419 3706; x_wconf 84' lang='lat' dir='ltr'>alios</span> <span class='ocrx_word' id='word_1_314' title='bbox 448 3642 631 3722; x_wconf 66' lang='lat' dir='ltr'>Ausiores3</span> <span class='ocrx_word' id='word_1_315' title='bbox 656 3647 770 3737; x_wconf 86' lang='lat' dir='ltr'>quibua</span> <span class='ocrx_word' id='word_1_316' title='bbox 798 3646 859 3713; x_wconf 88' lang='lat' dir='ltr'>hoe</span> <span class='ocrx_word' id='word_1_317' title='bbox 883 3644 1088 3731; x_wconf 87' lang='lat' dir='ltr'>Opusculum</span> <span class='ocrx_word' id='word_1_318' title='bbox 1103 3653 1248 3712; x_wconf 90' lang='lat' dir='ltr'>occurrit.</span> <span class='ocrx_word' id='word_1_319' title='bbox 1286 3649 1340 3711; x_wconf 88' lang='lat' dir='ltr'>Illi</span> <span class='ocrx_word' id='word_1_320' title='bbox 1357 3664 1456 3730; x_wconf 82' lang='lat' dir='ltr'>agent</span> <span class='ocrx_word' id='word_1_321' title='bbox 1484 3662 1606 3732; x_wconf 85' lang='lat' dir='ltr'>nempe</span> 
     </span>
     <span class='ocr_line' id='line_1_39' title="bbox 340 3727 1607 3813; baseline 0.002 -23"><span class='ocrx_word' id='word_1_322' title='bbox 340 3748 451 3791; x_wconf 85' lang='lat' dir='ltr'>amore</span> <span class='ocrx_word' id='word_1_323' title='bbox 476 3730 669 3810; x_wconf 89' lang='lat' dir='ltr'>hominum,</span> <span class='ocrx_word' id='word_1_324' title='bbox 695 3730 852 3799; x_wconf 77' lang='lat' dir='ltr'>facientes</span> <span class='ocrx_word' id='word_1_325' title='bbox 877 3733 1018 3797; x_wconf 85' lang='lat' dir='ltr'>scientiis</span> <span class='ocrx_word' id='word_1_326' title='bbox 1033 3728 1269 3797; x_wconf 89' lang='lat' dir='ltr'>mathematicis</span> <span class='ocrx_word' id='word_1_327' title='bbox 1294 3755 1363 3798; x_wconf 89' lang='lat' dir='ltr'>tem</span> <span class='ocrx_word' id='word_1_328' title='bbox 1378 3727 1607 3813; x_wconf 86' lang='lat' dir='ltr'>gratilstmam,</span> 
     </span>
     <span class='ocr_line' id='line_1_40' title="bbox 341 3808 1609 3905; baseline 0.001 -29"><span class='ocrx_word' id='word_1_329' title='bbox 341 3808 364 3876; x_wconf 83' lang='lat' dir='ltr'>si</span> <span class='ocrx_word' id='word_1_330' title='bbox 392 3810 433 3877; x_wconf 91' lang='lat' dir='ltr'>ad</span> <span class='ocrx_word' id='word_1_331' title='bbox 461 3813 717 3887; x_wconf 85' lang='lat' dir='ltr'>notificationem</span> <span class='ocrx_word' id='word_1_332' title='bbox 742 3816 838 3902; x_wconf 89' lang='lat' dir='ltr'>hujus</span> <span class='ocrx_word' id='word_1_333' title='bbox 866 3814 1025 3905; x_wconf 86' lang='lat' dir='ltr'>Opusculi</span> <span class='ocrx_word' id='word_1_334' title='bbox 1055 3836 1112 3903; x_wconf 88' lang='lat' dir='ltr'>pro</span> <span class='ocrx_word' id='word_1_335' title='bbox 1138 3819 1263 3883; x_wconf 81' lang='lat' dir='ltr'>viribus·</span> <span class='ocrx_word' id='word_1_336' title='bbox 1286 3820 1491 3900; x_wconf 87' lang='lat' dir='ltr'>contulerint.</span> <span class='ocrx_word' id='word_1_337' title='bbox 1520 3812 1609 3899; x_wconf 82' lang='lat' dir='ltr'>Qui-</span> 
     </span>
    </p>
   </div>
   <div class='ocr_carea' id='block_1_3' title="bbox 338 4016 1686 4481">
    <p class='ocr_par' dir='ltr' id='par_1_3' title="bbox 338 4016 1686 4415">
     <span class='ocr_line' id='line_1_41' title="bbox 382 4016 1608 4098; baseline 0.004 -28"><span class='ocrx_word' id='word_1_338' title='bbox 382 4032 406 4071; x_wconf 74' lang='grc' dir='ltr'>ι.</span> <span class='ocrx_word' id='word_1_339' title='bbox 441 4018 490 4074; x_wconf 78' lang='lat' dir='ltr'>lle</span> <span class='ocrx_word' id='word_1_340' title='bbox 514 4020 641 4075; x_wconf 83' lang='lat' dir='ltr'>rationes</span> <span class='ocrx_word' id='word_1_341' title='bbox 658 4033 825 4098; x_wconf 85' lang='lat' dir='ltr'>tempotum</span> <span class='ocrx_word' id='word_1_342' title='bbox 845 4016 970 4077; x_wconf 83' lang='lat' dir='ltr'>successu</span> <span class='ocrx_word' id='word_1_343' title='bbox 991 4033 1168 4077; x_wconf 86' lang='lat' dir='ltr'>evanuerunt</span> <span class='ocrx_word' id='word_1_344' title='bbox 1180 4018 1194 4081; x_wconf 69' lang='grc' dir='ltr'>ι’</span> <span class='ocrx_word' id='word_1_345' title='bbox 1215 4017 1333 4095; x_wconf 87' lang='lat' dir='ltr'>ipseque</span> <span class='ocrx_word' id='word_1_346' title='bbox 1346 4019 1499 4085; x_wconf 79' lang='lat' dir='ltr'>Lambere,</span> <span class='ocrx_word' id='word_1_347' title='bbox 1522 4016 1608 4075; x_wconf 79' lang='lat' dir='ltr'>fisu-</span> 
     </span>
     <span class='ocr_line' id='line_1_42' title="bbox 338 4089 1608 4177; baseline 0.006 -27"><span class='ocrx_word' id='word_1_348' title='bbox 338 4089 445 4167; x_wconf 86' lang='lat' dir='ltr'>petsles</span> <span class='ocrx_word' id='word_1_349' title='bbox 467 4096 562 4166; x_wconf 78' lang='lat' dir='ltr'>ellat,</span> <span class='ocrx_word' id='word_1_350' title='bbox 589 4094 727 4155; x_wconf 80' lang='lat' dir='ltr'>desideria</span> <span class='ocrx_word' id='word_1_351' title='bbox 754 4096 802 4157; x_wconf 88' lang='lat' dir='ltr'>sua</span> <span class='ocrx_word' id='word_1_352' title='bbox 825 4096 1067 4157; x_wconf 85' lang='lat' dir='ltr'>collaborantium</span> <span class='ocrx_word' id='word_1_353' title='bbox 1092 4099 1278 4155; x_wconf 75' lang='lat' dir='ltr'>emulatione</span> <span class='ocrx_word' id='word_1_354' title='bbox 1309 4118 1367 4158; x_wconf 90' lang='lat' dir='ltr'>non</span> <span class='ocrx_word' id='word_1_355' title='bbox 1389 4098 1532 4177; x_wconf 85' lang='lat' dir='ltr'>impleta,</span> <span class='ocrx_word' id='word_1_356' title='bbox 1554 4097 1608 4157; x_wconf 88' lang='lat' dir='ltr'>scd</span> 
     </span>
     <span class='ocr_line' id='line_1_43' title="bbox 339 4174 1607 4254; baseline 0.005 -25"><span class='ocrx_word' id='word_1_357' title='bbox 339 4174 452 4231; x_wconf 82' lang='lat' dir='ltr'>excelsu</span> <span class='ocrx_word' id='word_1_358' title='bbox 471 4174 547 4233; x_wconf 82' lang='lat' dir='ltr'>elusa</span> <span class='ocrx_word' id='word_1_359' title='bbox 573 4176 726 4239; x_wconf 80' lang='lat' dir='ltr'>contestati</span> <span class='ocrx_word' id='word_1_360' title='bbox 748 4176 891 4238; x_wconf 75' lang='lat' dir='ltr'>deberctt</span> <span class='ocrx_word' id='word_1_361' title='bbox 930 4191 990 4234; x_wconf 87' lang='lat' dir='ltr'>nort</span> <span class='ocrx_word' id='word_1_362' title='bbox 1011 4191 1070 4235; x_wconf 87' lang='lat' dir='ltr'>eam</span> <span class='ocrx_word' id='word_1_363' title='bbox 1097 4176 1224 4254; x_wconf 79' lang='lat' dir='ltr'>spellato</span> <span class='ocrx_word' id='word_1_364' title='bbox 1247 4190 1347 4235; x_wconf 85' lang='lat' dir='ltr'>tenore</span> <span class='ocrx_word' id='word_1_365' title='bbox 1368 4181 1534 4245; x_wconf 80' lang='lat' dir='ltr'>cotnmetcii</span> <span class='ocrx_word' id='word_1_366' title='bbox 1558 4175 1607 4236; x_wconf 81' lang='lat' dir='ltr'>sui</span> 
     </span>
     <span class='ocr_line' id='line_1_44' title="bbox 338 4250 1610 4336; baseline 0.01 -28"><span class='ocrx_word' id='word_1_367' title='bbox 338 4250 493 4323; x_wconf 82' lang='lat' dir='ltr'>litterarii,</span> <span class='ocrx_word' id='word_1_368' title='bbox 513 4252 560 4313; x_wconf 83' lang='lat' dir='ltr'>sed</span> <span class='ocrx_word' id='word_1_369' title='bbox 582 4256 790 4336; x_wconf 81' lang='lat' dir='ltr'>multomagis</span> <span class='ocrx_word' id='word_1_370' title='bbox 818 4275 938 4334; x_wconf 84' lang='lat' dir='ltr'>eorum.</span> <span class='ocrx_word' id='word_1_371' title='bbox 963 4274 1026 4334; x_wconf 80' lang='lat' dir='ltr'>que</span> <span class='ocrx_word' id='word_1_372' title='bbox 1050 4260 1173 4317; x_wconf 85' lang='lat' dir='ltr'>nomine</span> <span class='ocrx_word' id='word_1_373' title='bbox 1195 4259 1291 4317; x_wconf 79' lang='lat' dir='ltr'>Clanis</span> <span class='ocrx_word' id='word_1_374' title='bbox 1312 4255 1459 4318; x_wconf 76' lang='lat' dir='ltr'>Foliorum</span> <span class='ocrx_word' id='word_1_375' title='bbox 1483 4262 1515 4318; x_wconf 88' lang='lat' dir='ltr'>iu</span> <span class='ocrx_word' id='word_1_376' title='bbox 1528 4258 1610 4321; x_wconf 69' lang='lat' dir='ltr'>teat·</span> 
     </span>
     <span class='ocr_line' id='line_1_45' title="bbox 338 4326 1686 4415; baseline 0.002 -22"><span class='ocrx_word' id='word_1_377' title='bbox 338 4326 450 4406; x_wconf 79' lang='lat' dir='ltr'>satione</span> <span class='ocrx_word' id='word_1_378' title='bbox 467 4337 497 4407; x_wconf 75' lang='lat' dir='ltr'>J.</span> <span class='ocrx_word' id='word_1_379' title='bbox 518 4334 639 4399; x_wconf 84' lang='lat' dir='ltr'>uberius</span> <span class='ocrx_word' id='word_1_380' title='bbox 662 4349 866 4415; x_wconf 81' lang='lat' dir='ltr'>exponuntur.</span> <span class='ocrx_word' id='word_1_381' title='bbox 1492 4349 1494 4354; x_wconf 80' lang='grc'>’</span> <span class='ocrx_word' id='word_1_382' title='bbox 1681 4332 1686 4338; x_wconf 79' lang='grc'>’</span> 
     </span>
    </p>

    <p class='ocr_par' dir='ltr' id='par_1_4' title="bbox 1514 4435 1599 4481">
     <span class='ocr_line' id='line_1_46' title="bbox 1514 4435 1599 4481; baseline -0.024 0"><span class='ocrx_word' id='word_1_383' title='bbox 1514 4435 1599 4481; x_wconf 59' lang='lat' dir='ltr'>Cim*</span> 
     </span>
    </p>
   </div>
   <div class='ocr_carea' id='block_1_4' title="bbox 0 0 1814 4909">
    <p class='ocr_par' dir='ltr' id='par_1_5' title="bbox 0 0 1814 4909">
     <span class='ocr_line' id='line_1_47' title="bbox 0 0 1814 4909; baseline 0 0"><span class='ocrx_word' id='word_1_384' title='bbox 0 0 1814 4909; x_wconf 95' lang='lat' dir='ltr'> </span> 
     </span>
    </p>
   </div>
  </div>
 </body>
</html>
