3617 4909
558 381 1088 476 lurnouucrro
1363 405 1445 462 πη

209 502 264 571 ubi
288 503 380 570 Sinus
409 524 442 571 et
467 504 602 571 Cosmus
626 530 644 588 ς
669 528 797 573 arcuum
818 510 1023 573 minimorum
1045 507 1262 577 desderantut
1281 502 1469 587 accuratisliss

211 612 274 655 mc.
300 592 351 657 Ad
376 592 436 657 hoc
461 590 575 681 sumpsi
602 592 737 683 probast
763 592 1055 661 atcumde10000
1080 594 1254 678 secundis,
1279 616 1362 661 erm
1386 597 1466 662 indi·

207 696 258 740 cat
284 685 442 743 rationem
471 678 566 767 hujus
592 702 680 745 arcus
708 681 748 745 ad
774 683 925 769 quemvis‘
945 681 1066 748 datum.
1096 681 1176 747 lnde
1201 682 1380 746 declaratur
1402 682 1468 749 for·
1573 709 1576 715 ·

206 765 294 831 mula
316 784 374 853 pro
403 765 481 831 Sinu
511 768 543 849 U
565 786 599 832 et
621 764 698 833 Cos.
724 767 757 831 U
779 772 811 832 in
836 770 937 853 prima
962 774 1081 855 pagina
1109 766 1206 853 hujus
1225 766 1378 833 Tabulae.
1407 770 1467 834 Al-

204 868 270 914 teta
298 856 416 938 pagina
443 855 554 939 incipit
579 876 652 919 cum
678 858 822 918 numeris
845 850 1087 942 Ludulphiam's·
1111 877 1129 918 a
1149 855 1250 939 Lanu
1275 875 1325 918 ma
1353 858 1377 916 is
1406 876 1466 920 ex·

203 933 312 1001 tensis.
350 938 536 1027 Sequuntur
560 938 745 1026 lugarithmi
772 938 938 1026 Briggiani
968 962 1024 1028 pro
1051 940 1100 1005 his
1126 947 1268 1005 numeris
1283 985 1295 1020 ,
1319 874 1398 1004 scut
1430 958 1465 1005 et

201 1033 261 1107 pto'
287 1024 491 1111 longitudine
522 1046 533 1090 ι
562 1026 703 1112 gradus,
730 1044 743 1088 1
773 1030 911 1106 minuti,
940 1044 952 1089 1
986 1024 1116 1108 secundi
1137 1046 1199 1091 etc.

247 1116 277 1185 §0
300 1106 353 1175 80.
401 1110 530 1179 Tabula
555 1112 665 1180 XXV.
694 1112 933 1200 quodammodo
966 1111 1013 1178 est
1036 1110 1167 1177 Tabula
1202 1110 1547 1198 multiplicatoriaTab.

201 1213 260 1281 pro
282 1195 412 1263 sinibus
437 1200 621 1284 graduum,
647 1206 721 1286 quia
749 1196 807 1261 hos
834 1197 931 1263 Sinus
966 1219 1023 1285 per
1051 1218 1080 1279 1,
1096 1219 1129 1275 2,
1149 1216 1187 1283 3.
1205 1243 1239 1261 ..
1257 1219 1327 1279 ...9
1354 1198 1564 1273 multi-XXV·

201 1282 338 1367 plicatos
375 1287 409 1348 itt
438 1305 486 1349 tot
530 1286 695 1361 columnas
734 1278 900 1349 distinslos
941 1285 1050 1351 offert.
1088 1285 1152 1351 Hic
1184 1282 1301 1351 abacus
1326 1284 1464 1369 sinuum

198 1365 382 1435 utilissimus
424 1368 502 1435 mihi
529 1368 590 1436 suit
628 1374 660 1436 in
686 1372 909 1457 computandis
936 1369 1073 1439 Tabulis
1102 1370 1359 1453 Astronomicis,
1408 1394 1465 1439 ua·

198 1454 248 1519 les
272 1474 442 1521 occurrunt
474 1460 506 1522 in
533 1456 579 1521 ll.
607 1476 697 1545 parte
727 1454 1032 1524 Additamentorum.
1075 1457 1199 1524 Eadem
1222 1461 1343 1523 ratione
1369 1393 1463 1526 usum

198 1535 299 1605 habet
330 1545 362 1605 in
390 1544 460 1607 aliis
488 1540 608 1609 casibus
637 1545 694 1609 ubi
720 1541 760 1607 de
787 1543 883 1632 gradu
911 1544 950 1613 ad
974 1545 1109 1629 gradum
1134 1542 1459 1630 computandumest.

241 1632 270 1702 §.
297 1624 349 1701 81.
396 1628 544 1697 Tandem
573 1636 672 1696 etiam
699 1652 757 1719 pro
786 1628 939 1711 casibus,
964 1630 1019 1696 ubi
1059 1628 1099 1695 de
1127 1630 1223 1715 gradu
1262 1630 1300 1695 ad
1326 1630 1546 1716 gradumTab·

170 1713 420 1816 ¹¹computandae
447 1715 520 1817 sunt
544 1716 707 1797 Tabulae,
734 1713 837 1801 adjeci
861 1714 1024 1780 Tabulam
1049 1716 1195 1795 XXVI,
1218 1734 1292 1803 quar
1314 1722 1460 1783 continet
1471 1708 1551 1762 ΧΠ·

194 1798 1005 1956 slirist'r'hhbhffliissiniiiudmrbihishis
1020 1800 1461 1974 {lidbiiqbidissnifzii
1505 1868 1507 1871 ⁴
1550 1948 1553 1953 ,

195 1967 247 2035 28'
269 1973 529 2059 computandam.
567 1971 777 2037 Describatut
801 1992 843 2037 ex
873 1970 1012 2045 Tabulis
1042 1970 1204 2038 consuetis
1231 1971 1458 2057 Logarithmus

195 2054 294 2121 Sinus
322 2070 377 2141 230
404 2056 454 2124 28‘
481 2058 519 2123 cd
550 2054 761 2140 schedulam,
784 2060 855 2137 ita,
885 2079 923 2123 ut
949 2055 1051 2147 posita
1078 2059 1116 2123 ad
1142 2061 1326 2123 columnam
1352 2058 1459 2147 Loga-

194 2141 304 2208 rithmi
328 2144 424 2215 Sinus
452 2142 615 2225 Tabulae,
645 2148 769 2210 numeri
798 2147 947 2211 omnium
976 2142 1149 2210 stationum
1170 2143 1265 2231 juxta
1290 2141 1465 2232 seponam·

193 2246 256 2299 tur.
280 2231 352 2294 Hac
378 2234 516 2297 ratione
531 2230 584 2297 hic
608 2232 644 2297 lo
669 2230 822 2331 arithmus
856 2227 989 2319 scriptus
1023 2228 1062 2312 qd
1090 2229 1276 2295 schedulam
1303 2230 1375 2295 addi
1398 2250 1485 2320 pov

193 2314 258 2379 test
286 2314 324 2379 ad
353 2324 497 2405 quemvis
525 2252 755 2405 logarithmum
788 2315 928 2381 Tabulae
954 2336 988 2381 et
1004 2314 1126 2382 summa
1155 2316 1246 2381 scribi
1271 2314 1459 2463 qecinnm,

192 2401 249 2467 abs
273 2422 315 2467 ue
342 2402 556 2483 necessitate,
580 2404 753 2494 quidquam
780 2401 866 2467 aliud
896 2401 1111 2468 exscribendi.
1136 2403 1216 2468 Haec
1244 2398 1274 2476 se
1301 2399 1397 2465 edula
1416 2403 1458 2471 de

184 2423 290 2573 'gradu
318 2485 356 2552 ad
369 2490 499 2575 gradum
525 2492 721 2579 protruditur
738 2536 748 2569 ,
764 2490 890 2578 quoties
907 2492 1015 2577 aliqua
1030 2485 1152 2553 summa
1169 2506 1279 2553 notata
1294 2484 1352 2564 est.
1381 2488 1456 2555 Hoc
1504 2565 1507 2569 „

191 2579 383 2664 exemplum
417 2572 532 2643 sufficit
566 2575 604 2641 ad
629 2574 886 2655 ostendendum,
918 2595 1014 2663 quam
1042 2574 1214 2641 commode
1239 2569 1298 2639 iste
1322 2572 1454 2642 Abacuc

190 2658 311 2729 servire
335 2660 429 2750 possit
455 2666 489 2729 in
517 2665 587 2728 aliis
616 2662 740 2729 casibus
766 2664 954 2727 innumeris.
1022 2704 1024 2710 .
1256 2679 1259 2684 '

662 2997 665 3002 f
779 2986 902 3062 Ἡ,

435 3186 583 3265 Tabula
613 3187 664 3264 ad
681 3187 905 3303 solutionem
927 3126 1211 3289 AEquationum.

185 3448 216 3519 §.
234 3437 285 3507 82.
308 3359 364 3503 P
381 3438 496 3503 Rtima
511 3437 623 3503 hatum
635 3438 849 3517 Tabularum,
865 3437 999 3514 quaeest
1018 3438 1157 3507 XXVII
1169 3435 1335 3525 praesefert
1347 3454 1537 3524 aequa-'Tala

184 3532 309 3591 tionem
338 3532 368 3591 in
400 3543 543 3611 genere,
576 3529 762 3611 exprimens
787 3526 932 3589 valorem
961 3523 1117 3613 cujusque
1147 3523 1257 3587 radicis
1282 3542 1303 3600 x
1325 3526 1359 3585 in
1387 3521 1583 3600 sot-XXVII,

183 3632 237 3676 ma
258 3607 423 3677 stasiionis
452 3614 520 3690 ita,
539 3630 578 3675 ut
604 3613 657 3698 qui
687 3610 776 3676 valor
793 3612 825 3673 in
843 3608 901 3673 hac
917 3604 1074 3675 stasiione
1099 3628 1157 3695 pro
1167 3627 1197 3696 y
1225 3610 1374 3695 ponitur,
1388 3608 1452 3673 sra-

184 3694 252 3761 siro
276 3696 331 3761 dct
355 3699 502 3764 valorem
528 3692 584 3785 ips
608 3714 629 3760 x
657 3699 843 3784 propiorem
867 3694 950 3759 :xl
974 3739 983 3757 .
1025 3696 1106 3760 Haec
1126 3692 1264 3759 sormula
1288 3698 1451 3781 generalia

106 3850 109 3855 ,
181 3788 216 3849 in
242 3781 353 3847 eadem
369 3782 499 3849 Tabula
524 3786 687 3848 invenitur
708 3802 764 3870 pro
790 3780 1026 3870 aquationibus
1049 3778 1095 3863 2³,
1123 3777 1354 3863 3³³,1tti,et5ti
1379 3802 1450 3869 gra·

180 3869 241 3935 dus
272 3866 400 3933 seorsim
425 3866 581 3955 expressa.
606 3870 869 3935 Caeterum‚.eam
896 3867 1020 3935 deduxi
1046 3890 1087 3934 cx
1110 3865 1451 3938 MethodoNrurono·

180 3951 376 4041 Halieijana
397 3952 433 4017 ad
450 3954 658 4022 inveniendas
673 3954 795 4021 radices
812 3957 1105 4043 approximatione,
1121 3956 1333 4018 erimantum
1347 3960 1449 4019 etiam

181 4039 326 4106 accidere
354 4038 479 4126 poliunt
509 4040 597 4105 casus
615 4086 625 4120 ,
641 4038 709 4104 ubi
735 4058 755 4105 x
779 4044 887 4125 magis
916 4039 1029 4105 redicit
1051 4040 1092 4104 ab
1122 4044 1155 4102 x*
1183 4058 1278 4126 quam
1291 4057 1331 4125 y.
1360 4040 1447 4105 Cum

76 4125 79 4134 “
180 4146 291 4193 autem
319 4124 476 4191 habeatur
497 4122 618 4191 eleslio
643 4125 745 4190 libera
772 4125 913 4213 ponendi
946 4146 1004 4213 pro
1018 4144 1048 4214 y
1073 4127 1173 4190 alium
1196 4124 1446 4204 valorem,hoc

182 4232 294 4301 parum
319 4209 440 4290 refert,
463 4207 489 4275 «st
519 4214 604 4283 enim
631 4215 769 4301 aequatio
795 4211 908 4281 saltem
933 4234 1033 4277 unum
1058 4209 1177 4277 habeat
1204 4212 1349 4276 valorem
1378 4230 1446 4273 rea·
1557 4239 1564 4248 r

180 4302 275 4380 lem,
301 4293 440 4366 formula
467 4294 593 4387 semper
618 4296 710 4365 usum
735 4296 845 4365 habet.
893 4299 971 4366 Sic
998 4302 1157 4366 contrario
1179 4303 1320 4385 aquatio
1347 4293 1447 4443 quqet
1559 4313 1561 4316 ·

843 4402 865 4471 g
1410 4406 1423 4422 .
